%% This BibTeX bibliography file was created using BibDesk.
%% http://bibdesk.sourceforge.net/


%% Saved with string encoding Unicode (UTF-8) 
  	
@inproceedings{dong:vldb13,
 author = {Dong, Xin Luna and Saha, Barna and Srivastava, Divesh},
 title = {Less is more: selecting sources wisely for integration},
 booktitle = {Proceedings of the 39th international conference on Very Large Data Bases},
 series = {PVLDB'13},
 year = {2013},
 location = {Trento, Italy},
 pages = {37--48},
 numpages = {12},
 url = {http://dl.acm.org/citation.cfm?id=2448936.2448938},
 acmid = {2448938},
 publisher = {VLDB Endowment}
} 

@inproceedings{kruse2015estimating,
   author = { Sebastian Kruse, Paolo Papotti, Felix Naumann },
   title = { Estimating Data Integration and Cleaning Effort },
   year = { 2015 },
   month = { 3 },
   booktitle = { Proceedings of the International Conference on Extending Database Technology (EDBT) }
}
	
@inproceedings{morris:04,
  author    = {Andrew Cameron Morris and
               Viktoria Maier and
               Phil Green},
  title     = {From {WER} and {RIL} to {MER} and {WIL}: improved evaluation measures
               for connected speech recognition},
  booktitle = {INTERSPEECH},
  year      = {2004}
}

@book{gallager:96,
    address = {Boston},
    author = {Gallager, R. G.},
    publisher = {Kluwer Academic Publishers},
    title = {Discrete Stochastic Processes},
    year = {1996}
}

@inproceedings{Han:2000,
 author = {Han, Jiawei and Pei, Jian and Yin, Yiwen},
 title = {Mining Frequent Patterns Without Candidate Generation},
 booktitle = {Proceedings of the 2000 ACM SIGMOD International Conference on Management of Data},
 series = {SIGMOD},
 year = {2000}
} 



@inproceedings{pal:12,
 author = {Pal, Aditya and Rastogi, Vibhor and Machanavajjhala, Ashwin and Bohannon, Philip},
 title = {Information Integration over Time in Unreliable and Uncertain Environments},
 booktitle = {Proceedings of the 21st International Conference on World Wide Web},
 series = {WWW '12},
 year = {2012},
 isbn = {978-1-4503-1229-5},
 location = {Lyon, France},
 pages = {789--798},
 numpages = {10},
 url = {http://doi.acm.org/10.1145/2187836.2187943},
 doi = {10.1145/2187836.2187943},
 acmid = {2187943},
 publisher = {ACM},
 address = {New York, NY, USA},
 keywords = {information integration, probabilistic model, semi-markov}
} 

@article{liu:11,
  author    = {Xuan Liu and
               Xin Luna Dong and
               Beng Chin Ooi and
               Divesh Srivastava},
  title     = {Online Data Fusion},
  journal   = {PVLDB},
  volume    = {4},
  number    = {11},
  year      = {2011},
  pages     = {932-943}
}


@article{li:11,
  author    = {Pei Li and
               Xin Luna Dong and
               Andrea Maurino and
               Divesh Srivastava},
  title     = {Linking temporal records},
  journal   = {Frontiers of Computer Science},
  volume    = {6},
  number    = {3},
  year      = {2012},
  pages     = {293-312}
}


@article{dong:09,
 author = {Dong, Xin Luna and Berti-Equille, Laure and Srivastava, Divesh},
 title = {Truth Discovery and Copying Detection in a Dynamic World},
 journal = {Proc. VLDB Endow.},
 issue_date = {August 2009},
 volume = {2},
 number = {1},
 month = aug,
 year = {2009},
 issn = {2150-8097},
 pages = {562--573},
 numpages = {12},
 publisher = {VLDB Endowment}
} 

@article{kaplan:58,
    author = {Kaplan, E. L. and Meier, Paul},
    journal = {JASA},
    pages = {457--481},
    title = {Nonparametric Estimation from Incomplete Observations},
    volume = {53},
    year = {1958}
}


@inproceedings{agarwal:2006,
    author = {Agarwal, S. and Trachtenberg, A.},
    booktitle = {ITW'06 Punta del Este},
    pages = {217--221},
    title = {{Approximating the number of differences between remote sets}},
    year = {2006}
}

@article{swamidass:07,
    author = {Swamidass, S. Joshua and Baldi, Pierre},
    booktitle = {Journal of Chemical Information and Modeling},
    journal = {J. Chem. Inf. Model.},
    pages = {952--964},
    title = {{Mathematical Correction for Fingerprint Similarity Measures to Improve Chemical Retrieval}},
    volume = {47},
    year = {2007}
}

@article{jaynes:57,
    author = {Jaynes, E. T.},
    journal = {Physical Review Online Archive (Prola)},
    pages = {620--630},
    publisher = {American Physical Society},
    title = {{Information Theory and Statistical Mechanics}},
    volume = {106},
    year = {1957}
}


@article{lovasz,
    author = {Lov{\'{a}}sz, Laszl{\'{o}}},
    journal = {Mathematical programming: the state of the art},
    title = {Submodular functions and convexity},
    year = {1983}
}

@inproceedings{lee:2009,
 author = {Lee, Jon and Mirrokni, Vahab S. and Nagarajan, Viswanath and Sviridenko, Maxim},
 title = {Non-monotone Submodular Maximization Under Matroid and Knapsack Constraints},
 booktitle = {Proceedings of the Forty-first Annual ACM Symposium on Theory of Computing},
 series = {STOC '09},
 year = {2009},
 isbn = {978-1-60558-506-2},
 location = {Bethesda, MD, USA},
 pages = {323--332},
 numpages = {10},
 publisher = {ACM}
} 

@article{feo:1995,
    author = {Feo, Thomas A. and Resende, Mauricio G. C.},
    journal = {Journal of Global Optimization},
    title = {{Greedy Randomized Adaptive Search Procedures}},
    volume = {6},
    year = {1995}
}
 
@article{cho:2003,
 author = {Cho, Junghoo and Garcia-Molina, Hector},
 title = {Effective Page Refresh Policies for Web Crawlers},
 journal = {ACM Trans. Database Syst.},
 issue_date = {December 2003},
 volume = {28},
 number = {4},
 month = dec,
 year = {2003},
 issn = {0362-5915},
 pages = {390--426},
 numpages = {37},
 publisher = {ACM}
} 

@book{meng:2010,
 author = {Meng, Weiyi and Yu, Clement and Ozsu, M. Tamer},
 title = {Advanced Metasearch Engine Technology},
 year = {2010},
 isbn = {1608451925, 9781608451920},
 publisher = {Morgan \& Claypool Publishers}
} 


@inproceedings{qi:2013,
 author = {Qi, Guo-Jun and Aggarwal, Charu C. and Han, Jiawei and Huang, Thomas},
 title = {Mining Collective Intelligence in Diverse Groups},
 booktitle = {Proceedings of the 22Nd International Conference on World Wide Web},
 series = {WWW '13},
 year = {2013},
 isbn = {978-1-4503-2035-1},
 location = {Rio de Janeiro, Brazil},
 pages = {1041--1052},
 numpages = {12},
 publisher = {International World Wide Web Conferences Steering Committee}
} 

@inproceedings{li:2012,
 author = {Li, Xian and Dong, Xin Luna and Lyons, Kenneth and Meng, Weiyi and Srivastava, Divesh},
 title = {Truth finding on the deep web: is the problem solved?},
 booktitle = {Proceedings of the 39th international conference on Very Large Data Bases},
 series = {PVLDB'13},
 year = {2013},
 location = {Trento, Italy},
 pages = {97--108},
 numpages = {12},
 publisher = {VLDB Endowment}
} 


@article{pimplikar:2012,
 author = {Pimplikar, Rakesh and Sarawagi, Sunita},
 title = {Answering Table Queries on the Web Using Column Keywords},
 journal = {Proc. VLDB Endow.},
 issue_date = {June 2012},
 volume = {5},
 number = {10},
 month = jun,
 year = {2012},
 issn = {2150-8097},
 pages = {908--919},
 numpages = {12},
 publisher = {VLDB Endowment}
} 


@article{zhao:2012,
 author = {Zhao, Bo and Rubinstein, Benjamin I. P. and Gemmell, Jim and Han, Jiawei},
 title = {A Bayesian Approach to Discovering Truth from Conflicting Sources for Data Integration},
 journal = {Proc. VLDB Endow.},
 issue_date = {February 2012},
 volume = {5},
 number = {6},
 month = feb,
 year = {2012},
 issn = {2150-8097},
 pages = {550--561},
 numpages = {12},
 publisher = {VLDB Endowment}
} 


@INPROCEEDINGS{mihaila:2000,
    author = {George A. Mihaila and Louiqa Raschid and Mara-esther Vidal},
    title = {Using Quality of Data Metadata for Source Selection and Ranking},
    booktitle = {Vossen (Eds.), Proceedings of the Third International Workshop on the Web and Databases, WebDB},
    year = {2000},
    pages = {93--98}
}

@inproceedings{jin:2013,
 author = {Jin, Fang and Self, Nathan and Saraf, Parang and Butler, Patrick and Wang, Wei and Ramakrishnan, Naren},
 title = {Forex-foreteller: Currency Trend Modeling Using News Articles},
 booktitle = {Proceedings of the 19th ACM SIGKDD International Conference on Knowledge Discovery and Data Mining},
 series = {KDD '13},
 year = {2013},
 isbn = {978-1-4503-2174-7},
 location = {Chicago, Illinois, USA},
 pages = {1470--1473},
 numpages = {4},
 publisher = {ACM}
} 



@article{leetaru:2013,
author = {Leetaru, Kalev and Schrodt, Philip},
title  ={GDELT: Global Data on Events, Language, and Tone, 1979-2012},
journal = {Inter. Studies Association Annual Conf.},
year = {2013}
}

@inproceedings{stonebraker:2013, 
  title = {Data Curation at Scale: The Data Tamer System}, 
  author = {Stonebraker, Michael and Bruckner, Daniel and Ilyas, Ihab and Beskales, George and Cherniack, Mitch and Zdonik, Stan and Pagan, Alexander and Xu, Shan}, 
  booktitle = {Proceedings of CIDR'13},  
  year = {2013}
  }
  

@book{herzog:2010,
  author    = {Thomas N. Herzog and
               Fritz J. Scheuren and
               William E. Winkler},
  title     = {Data quality and record linkage techniques},
  publisher = {Springer},
  year      = {2007},
  isbn      = {978-0-387-69502-0},
  pages     = {I-XIII, 1-227}
}

@article{feige:07,
 author = {Feige, Uriel and Mirrokni, Vahab S. and Vondr\'{a}k, Jan},
 title = {Maximizing Non-monotone Submodular Functions},
 journal = {SIAM J. Comput.},
 issue_date = {July 2011},
 volume = {40},
 number = {4},
 month = jul,
 year = {2011},
 issn = {0097-5397},
 pages = {1133--1153},
 numpages = {21},
 publisher = {Society for Industrial and Applied Mathematics}
} 


@article {unkel:2012,
author = {Unkel, Steffen and Farrington, C. Paddy and Garthwaite, Paul H. and Robertson, Chris and Andrews, Nick},
title = {Statistical methods for the prospective detection of infectious disease outbreaks: a review},
journal = {Journal of the Royal Statistical Society},
volume = {175},
number = {1},
year = {2012}}

@article{rekatsinas:2015,
author = {Rekatsinas, Theodoros and Dong, Xin Luna and Getoor, Lise and Srivastava, Divesh },
title = {{Finding Quality in Quantity: The Challenge of Discovering Valuable Sources for Integration}},
journal = {CIDR},
year = {2015}
} 


@inproceedings{wong:03,
  author    = {Weng-Keen Wong and
               Andrew W. Moore and
               Gregory F. Cooper and
               Michael M. Wagner},
  title     = {Bayesian Network Anomaly Pattern Detection for Disease Outbreaks},
  booktitle = {ICML},
  year      = {2003},
  pages     = {808-815}
}
 
 @inproceedings{wong:02,
 author = {Wong, Weng-Keen and Moore, Andrew and Cooper, Gregory and Wagner, Michael},
 title = {Rule-based Anomaly Pattern Detection for Detecting Disease Outbreaks},
 booktitle = {Eighteenth National Conference on Artificial Intelligence},
 year = {2002},
 isbn = {0-262-51129-0},
 location = {Edmonton, Alberta, Canada},
 pages = {217--223},
 numpages = {7},
 publisher = {American Association for Artificial Intelligence}
} 


@article{brownstein:2008,
    author = {Brownstein, John S. and Freifeld, Clark C. and Reis, Ben Y. and Mandl, Kenneth D.},
    journal = {PLoS Medicine},
    number = {7},
    title = {{Surveillance Sans Fronti\`{e}res: Internet-Based Emerging Infectious Disease Intelligence and the HealthMap Project}},
    volume = {5},
    year = {2008}
}

@article{linge:09,
        title = {Internet Surveillance Systems for Early Alerting of Health Threats },
        author = {J P Linge and R Steinberger and T P Weber and R Yangarber and E van der Goot},
        journal = {Eurosurveillance },
        number = 13,
        volume = 14,
        year = 2009
    }

@article{corley:10,
        title = {Text and structural data mining of influenza mentions in web and social media},
        author = {C Corley and D Cook and A Mikler and K Singh},
        journal = {International Journal of Environmental Research and Public Health},
        number = 2,
        volume = 7,
        year = 2010
    }    
    
    
@article{ginsberg:09,
    author = {Ginsberg, Jeremy and Mohebbi, Matthew H. and Patel, Rajan S. and Brammer, Lynnette and Smolinski, Mark S. and Brilliant, Larry},
    journal = {Nature},
    title = {{Detecting influenza epidemics using search engine query data}},
    volume = {457},
    year = {2009}
}


@inproceedings{culotta:2010,
 author = {Culotta, Aron},
 title = {Towards detecting influenza epidemics by analyzing Twitter messages},
 series = {SOMA},
 year = {2010}
} 


@inproceedings{matsubara:2012,
 author = {Matsubara, Yasuko and Sakurai, Yasushi and Faloutsos, Christos and Iwata, Tomoharu and Yoshikawa, Masatoshi},
 title = {Fast Mining and Forecasting of Complex Time-stamped Events},
 booktitle = {Proceedings of the 18th ACM SIGKDD International Conference on Knowledge Discovery and Data Mining},
 series = {KDD '12},
 year = {2012},
 isbn = {978-1-4503-1462-6},
 location = {Beijing, China},
 pages = {271--279},
 numpages = {9},
 publisher = {ACM}
} 


@article{schoelkopf:99,
 author = {Sch\"{o}lkopf, Bernhard and Platt, John C. and Shawe-Taylor, John C. and Smola, Alex J. and Williamson, Robert C.},
 title = {Estimating the Support of a High-Dimensional Distribution},
 journal = {Neural Comput.},
 issue_date = {July 2001},
 volume = {13},
 number = {7},
 month = jul,
 year = {2001},
 issn = {0899-7667},
 pages = {1443--1471},
 numpages = {29},
 publisher = {MIT Press}
} 

@article{healthmap, 
    author = {Freifeld, Clark C. and Mandl, Kenneth D. and Reis, Ben Y. and Brownstein, John S.},
    journal = {Journal of the American Medical Informatics Association},
    title = {{HealthMap: Global Infectious Disease Monitoring through Automated Classification and Visualization of Internet Media Reports}},
    volume = {15},
    year = {2008}
}

@misc{paho,
 title = {Pan American Health Organization},
 howpublished = {\url{http://www.paho.org/usa/}}
}  

@misc{probmed,
 title = {International Society For Infectious Diseases},
 howpublished = {\url{http://www.promedmail.org/}}
}  

@misc{who,
 title = {World Health Organization},
 howpublished = {\url{http://www.who.int/}}
}  

@paper{paul:11,
	author = {Michael Paul and Mark Dredze},
	title = {You Are What You Tweet: Analyzing Twitter for Public Health},
	conference = {International AAAI Conference on Weblogs and Social Media},
	year = {2011}
}

@inproceedings{parker:13,
 author = {Parker, Jon and Wei, Yifang and Yates, Andrew and Frieder, Ophir and Goharian, Nazli},
 title = {A Framework for Detecting Public Health Trends with Twitter},
 booktitle = {Proceedings of the 2013 IEEE/ACM International Conference on Advances in Social Networks Analysis and Mining},
 series = {ASONAM},
 year = {2013}
} 

@article{jonsson:10, 
    author = {Jonsson, Colleen B. and Figueiredo, Luiz Tadeu Moraes and Vapalahti, Olli},
    title = {A Global Perspective on Hantavirus Ecology, Epidemiology and Disease},
    journal = {Clinical Microbiology Review},
    number={2},
    volume = {23},    
    year = {2010}    
}


@article{blei:2003,
 author = {Blei, David M. and Ng, Andrew Y. and Jordan, Michael I.},
 title = {Latent Dirichlet Allocation},
 journal = {J. Mach. Learn. Res.},
 issue_date = {3/1/2003},
 volume = {3},
 month = mar,
 year = {2003},
 issn = {1532-4435},
 pages = {993--1022},
 numpages = {30},
 publisher = {JMLR.org}
} 

@inproceedings{rosen:2004,
 author = {Rosen-Zvi, Michal and Griffiths, Thomas and Steyvers, Mark and Smyth, Padhraic},
 title = {The Author-topic Model for Authors and Documents},
 booktitle = {Proceedings of the 20th Conference on Uncertainty in Artificial Intelligence},
 series = {UAI '04},
 year = {2004},
 isbn = {0-9749039-0-6},
 location = {Banff, Canada},
 pages = {487--494},
 numpages = {8},
 publisher = {AUAI Press}
}

@article{arora:2012,
  author    = {Sanjeev Arora and
               Elad Hazan and
               Satyen Kale},
  title     = {The Multiplicative Weights Update Method: a Meta-Algorithm
               and Applications},
  journal   = {Theory of Computing},
  volume    = {8},
  number    = {1},
  year      = {2012}
}

@inproceedings{bigi:2003,
 author = {Bigi, Brigitte},
 title = {Using Kullback-Leibler Distance for Text Categorization},
 booktitle = {Proceedings of the 25th European Conference on IR Research},
 series = {ECIR'03},
 year = {2003},
 isbn = {3-540-01274-5},
 location = {Pisa, Italy},
 pages = {305--319},
 numpages = {15},
 publisher = {Springer-Verlag}
} 

@INPROCEEDINGS{strehl:2000,
    author = {Alexander Strehl and Er Strehl and Joydeep Ghosh and Raymond Mooney},
    title = {Impact of Similarity Measures on Web-page Clustering},
    booktitle = {In Workshop on Artificial Intelligence for Web Search (AAAI 2000},
    year = {2000},
    pages = {58--64},
    publisher = {AAAI}
}


@inproceedings{wang:2007,
    author = {Wang, Xianggang and Grimson, Eric},
    booktitle = {Advances in Neural Information Processing Systems},
    title = {Spatial Latent Dirichlet Allocation},
    volume = {20},
    year = {2007}
}

@inproceedings{wang:2006,
 author = {Wang, Xuerui and McCallum, Andrew},
 title = {Topics over Time: A non-Markov Continuous-time Model of Topical Trends},
 booktitle = {Proceedings of the 12th ACM SIGKDD International Conference on Knowledge Discovery and Data Mining},
 series = {KDD '06},
 year = {2006},
 isbn = {1-59593-339-5},
 location = {Philadelphia, PA, USA},
 pages = {424--433},
 numpages = {10},
 publisher = {ACM}
} 

@inproceedings{blei:2006,
 author = {Blei, David M. and Lafferty, John D.},
 title = {Dynamic Topic Models},
 booktitle = {Proceedings of the 23rd International Conference on Machine Learning},
 series = {ICML '06},
 year = {2006},
 isbn = {1-59593-383-2},
 location = {Pittsburgh, Pennsylvania},
 pages = {113--120},
 numpages = {8},
 publisher = {ACM}
} 

@inproceedings{ramage:2009,
  title={Labeled LDA: A supervised topic model for credit attribution in multi-labeled corpora},
  author={Ramage, Daniel and Hall, David and Nallapati, Ramesh and Manning, Christopher D},
  series = {EMNLP},
  year={2009}
}

@inproceedings{sadilek:2012,
  author    = {Adam Sadilek and
               Henry A. Kautz and
               Vincent Silenzio},
  title     = {Predicting Disease Transmission from Geo-Tagged Micro-Blog
               Data},
  series = {AAAI},
  year      = {2012}
}

@inproceedings{rider:2013,
 author = {Rider, Andrew K. and Chawla, Nitesh V.},
 title = {An Ensemble Topic Model for Sharing Healthcare Data and Predicting Disease Risk},
 series = {BCB},
 year = {2013}
} 


@article{Wilcoxon45,
    author = {Wilcoxon, Frank},
    doi = {10.2307/3001968},
    issn = {00994987},
    journal = {Biometrics Bulletin},
    month = dec,
    number = {6},
    pages = {80--83},
    publisher = {International Biometric Society},
    title = {{Individual Comparisons by Ranking Methods}},
    volume = {1},
    year = {1945}
}



@article{manevitz:2002,
 author = {Manevitz, Larry M. and Yousef, Malik},
 title = {One-class Svms for Document Classification},
 journal = {J. Mach. Learn. Res.},
 issue_date = {3/1/2002},
 volume = {2},
 month = mar,
 year = {2002},
 issn = {1532-4435},
 pages = {139--154},
 numpages = {16},
 publisher = {JMLR.org},
} 


@article{steinwart:05,
 author = {Steinwart, Ingo and Hush, Don and Scovel, Clint},
 title = {A Classification Framework for Anomaly Detection},
 journal = {J. Mach. Learn. Res.},
 issue_date = {12/1/2005},
 volume = {6},
 month = dec,
 year = {2005},
 issn = {1532-4435},
 pages = {211--232},
 numpages = {22},
 publisher = {JMLR.org}
} 

@INPROCEEDINGS{heller:03,
    author = {Katherine A. Heller and Krysta M. Svore and Angelos D. Keromytis and Salvatore J. Stolfo},
    title = {One Class Support Vector Machines for Detecting Anomalous Windows Registry Accesses},
    booktitle = {In Proc. of the workshop on Data Mining for Computer Security},
    year = {2003}
}

@article{khan:13,
  author    = {Shehroz S. Khan and
               Michael G. Madden},
  title     = {One-Class Classification: Taxonomy of Study and Review of
               Techniques},
  journal   = {CoRR},
  volume    = {abs/1312.0049},
  year      = {2013}
}

@techreport{london:arxiv13b,
	Author = {London, Ben and Rekatsinas, Theodoros and Huang, Bert and Getoor, Lise},
	Date-Added = {2013-08-20 21:12:13 +0000},
	Date-Modified = {2013-08-20 21:12:13 +0000},
	Institution = {University of Maryland College Park},
	Note = {http://arxiv.org/abs/1303.1733},
	Title = {Multi-relational Learning Using Weighted Tensor Decomposition with Modular Loss},
	Year = {2013}}

@article{yin:2008,
 author = {Yin, Xiaoxin and Han, Jiawei and Yu, Philip S.},
 title = {Truth Discovery with Multiple Conflicting Information Providers on the Web},
 journal = {IEEE Trans. on Knowl. and Data Eng.},
 issue_date = {June 2008},
 volume = {20},
 number = {6},
 month = jun,
 year = {2008},
 issn = {1041-4347},
 pages = {796--808},
 numpages = {13},
 publisher = {IEEE Educational Activities Department}
} 

@article{dong:2009,
 author = {Dong, Xin Luna and Berti-Equille, Laure and Srivastava, Divesh},
 title = {Integrating Conflicting Data: The Role of Source Dependence},
 journal = {Proc. VLDB Endow.},
 issue_date = {August 2009},
 volume = {2},
 number = {1},
 month = aug,
 year = {2009},
 issn = {2150-8097},
 pages = {550--561},
 numpages = {12},
 publisher = {VLDB Endowment}
} 

@inproceedings{sarma:2011,
 author = {Sarma, Anish Das and Dong, Xin Luna and Halevy, Alon},
 title = {Data Integration with Dependent Sources},
 booktitle = {Proceedings of the 14th International Conference on Extending Database Technology},
 series = {EDBT/ICDT '11},
 year = {2011},
 isbn = {978-1-4503-0528-0},
 location = {Uppsala, Sweden},
 pages = {401--412},
 numpages = {12},
 publisher = {ACM}
} 

@article{DalviSuciu,
 author = {Dalvi, Nilesh and Suciu, Dan},
 title = {Efficient Query Evaluation on Probabilistic Databases},
 journal = {The VLDB Journal},
 issue_date = {October   2007},
 volume = {16},
 number = {4},
 month = oct,
 year = {2007},
 issn = {1066-8888},
 pages = {523--544},
 numpages = {22},
 publisher = {Springer-Verlag New York, Inc.}
} 

@inproceedings{Sanner,
 author = {Sanner, Scott and McAllester, David},
 title = {Affine Algebraic Decision Diagrams (AADDs) and Their Application to Structured Probabilistic Inference},
 booktitle = {Proceedings of the 19th International Joint Conference on Artificial Intelligence},
 series = {IJCAI'05},
 year = {2005},
 location = {Edinburgh, Scotland},
 pages = {1384--1390},
 numpages = {7},
 publisher = {Morgan Kaufmann Publishers Inc.}
} 


@inproceedings{Fink:2011,
  author    = {Robert Fink and
               Dan Olteanu and
               Swaroop Rath},
  title     = {Providing support for full relational algebra in probabilistic
               databases},
  booktitle = {ICDE},
  year      = {2011},
  pages     = {315-326}
}

@inproceedings{Zhang:1999,
 author = {Zhang, Nevin L. and Poole, David},
 title = {On the role of context-specific independence in probabilistic inference},
 booktitle = {IJCAI},
 year = {1999}
} 


@inproceedings{Zhang:1999:,
 author = {Zhang, Nevin L. and Poole, David},
 title = {On the Role of Context-specific Independence in Probabilistic Inference},
 booktitle = {Proceedings of the 16th International Joint Conference on Artificial Intelligence - Volume 2},
 series = {IJCAI'99},
 year = {1999},
 location = {Stockholm, Sweden},
 pages = {1288--1293},
 numpages = {6},
 publisher = {Morgan Kaufmann Publishers Inc.}
} 

@inproceedings{SenICDE07,
  author    = {Prithviraj Sen and
               Amol Deshpande},
  title     = {Representing and Querying Correlated Tuples in Probabilistic
               Databases},
  booktitle = {ICDE},
  year      = {2007},
  pages     = {596-605}
}

@Article{Sen.Journal,
	author = "Prithviraj Sen and Amol Deshpande and Lise Getoor",
	title = "{PrDB}: managing and exploiting rich correlations in probabilistic databases",
	journal = "VLDB Journal, special issue on uncertain and probabilistic databases",
	volume = "18",
	number = "5",
	year = "2009"
}

@InProceedings{ Darwiche01alogical,
	author = "Adnan Darwiche",
	title = "A Logical Approach for Factoring Belief Networks",
	booktitle = "Proceedings of the Eights International Conference on Principles
               and Knowledge Representation and Reasoning",
	publisher = {Morgan Kaufmann},
	year = "2001"
}

@article{ChavProbInference,
 author = {Chavira, Mark and Darwiche, Adnan},
 title = {On Probabilistic Inference by Weighted Model Counting},
 journal = {Artif. Intell.},
 issue_date = {April, 2008},
 volume = {172},
 number = {6-7},
 month = apr,
 year = {2008},
 issn = {0004-3702},
 pages = {772--799},
 numpages = {28},
 publisher = {Elsevier Science Publishers Ltd.}
} 

@InProceedings{ ChaviraEvidence,
	AUTHOR = "Mark Chavira and David Allen and Adnan Darwiche",
	TITLE = "Exploiting Evidence in Probabilistic Inference",
	BOOKTITLE = "UAI",
	YEAR = "2005",
  pages     = {112-127},
}


@InProceedings{ Gogate_formula-basedprobabilistic,
	author = "Vibhav Gogate and Pedro Domingos",
	title = "Formula-Based Probabilistic Inference",
	booktitle = "UAI",
	year = "2010",
	pages     = {210-219}
}

@inproceedings{PipaDecomp,
 author = {Pipatsrisawat, Knot and Darwiche, Adnan},
 title = {On Decomposability and Interaction Functions},
 booktitle = {Proceedings of the 2010 Conference on ECAI 2010: 19th European Conference on Artificial Intelligence},
 year = {2010},
 isbn = {978-1-60750-605-8},
 pages = {9--14},
 numpages = {6},
 publisher = {IOS Press}
} 

@Book{ DarwicheBook,
	author = "Adnan Darwiche",
	title = "Modeling and Reasoning with {Bayesian} Networks",
	year = "2009",
	publisher = "Cambridge University Press"
}


@Article{ DarwicheConditioning,
	author = "Adnan Darwiche",
	title = "Recursive conditioning",
	journal = "Artif. Intell.",
	volume = "126",
	number = "1-2",
	year = "2001",
	pages     = {5-41}
}

@Article{ SenPrDB,
	author = "Prithviraj Sen and Amol Deshpande and Lise Getoor",
	title = "{PrDB}: managing and exploiting rich correlations in probabilistic databases",
	journal = "The VLDB Journal",
	volume = "18",
	issue = "5",
	year = "2009"
}

@Book{ KollerFriedman,
	title = "Probabilistic Graphical Models: Principles and Techniques",
	author = "D. Koller and N. Friedman",
	year = 2009,
	publisher = "MIT Press"
}


@inproceedings{Chavira2007,
 author = {Chavira, Mark and Darwiche, Adnan},
 title = {Compiling Bayesian Networks Using Variable Elimination},
 booktitle = {Proceedings of the 20th International Joint Conference on Artifical Intelligence},
 series = {IJCAI'07},
 year = {2007},
 location = {Hyderabad, India},
 pages = {2443--2449},
 numpages = {7},
 publisher = {Morgan Kaufmann Publishers Inc.}
} 

@inproceedings{Chavira2005,
 author = {Chavira, Mark and Darwiche, Adnan},
 title = {Compiling Bayesian Networks with Local Structure},
 booktitle = {Proceedings of the 19th International Joint Conference on Artificial Intelligence},
 series = {IJCAI'05},
 year = {2005},
 location = {Edinburgh, Scotland},
 pages = {1306--1312},
 numpages = {7},
 publisher = {Morgan Kaufmann Publishers Inc.}
} 

@article{Darwiche2003,
 author = {Darwiche, Adnan},
 title = {A Differential Approach to Inference in Bayesian Networks},
 journal = {J. ACM},
 issue_date = {May 2003},
 volume = {50},
 number = {3},
 month = may,
 year = {2003},
 issn = {0004-5411},
 pages = {280--305},
 numpages = {26},
 publisher = {ACM}
} 


@inproceedings{Dalvi2007,
 author = {Dalvi, Nilesh and Suciu, Dan},
 title = {The Dichotomy of Conjunctive Queries on Probabilistic Structures},
 booktitle = {Proceedings of the Twenty-sixth ACM SIGMOD-SIGACT-SIGART Symposium on Principles of Database Systems},
 series = {PODS '07},
 year = {2007},
 isbn = {978-1-59593-685-1},
 location = {Beijing, China},
 pages = {293--302},
 numpages = {10},
 publisher = {ACM}
} 

@inproceedings{Dalvi_2007_MPD,
 author = {Dalvi, Nilesh and Suciu, Dan},
 title = {Management of Probabilistic Data: Foundations and Challenges},
 booktitle = {Proceedings of the Twenty-sixth ACM SIGMOD-SIGACT-SIGART Symposium on Principles of Database Systems},
 series = {PODS '07},
 year = {2007},
 isbn = {978-1-59593-685-1},
 location = {Beijing, China},
 pages = {1--12},
 numpages = {12},
 publisher = {ACM}
} 

@inproceedings{Koch_2008_approx,
 author = {Koch, Christoph},
 title = {Approximating Predicates and Expressive Queries on Probabilistic Databases},
 booktitle = {Proceedings of the Twenty-seventh ACM SIGMOD-SIGACT-SIGART Symposium on Principles of Database Systems},
 series = {PODS '08},
 year = {2008},
 isbn = {978-1-60558-152-1},
 location = {Vancouver, Canada},
 pages = {99--108},
 numpages = {10},
 publisher = {ACM}
} 

@InProceedings{ Olteanu_approx,
	author = "Dan Olteanu and Jiewen Huang and Christoph Koch",
	title = "Approximate Confidence Computation in Probabilistic Databases",
	series = "ICDE",
	pages     = {145-156},
	year = "2010"
}

@inproceedings{Dalvi:2010,
 author = {Dalvi, Nilesh and Schnaitter, Karl and Suciu, Dan},
 title = {Computing Query Probability with Incidence Algebras},
 booktitle = {Proceedings of the Twenty-ninth ACM SIGMOD-SIGACT-SIGART Symposium on Principles of Database Systems},
 series = {PODS '10},
 year = {2010},
 isbn = {978-1-4503-0033-9},
 location = {Indianapolis, Indiana, USA},
 pages = {203--214},
 numpages = {12},
 publisher = {ACM}
} 

@article{Sen:2010,
 author = {Sen, Prithviraj and Deshpande, Amol and Getoor, Lise},
 title = {Read-once Functions and Query Evaluation in Probabilistic Databases},
 journal = {Proc. VLDB Endow.},
 issue_date = {September 2010},
 volume = {3},
 number = {1-2},
 month = sep,
 year = {2010},
 issn = {2150-8097},
 pages = {1068--1079},
 numpages = {12},
 publisher = {VLDB Endowment}
} 


@inproceedings{Olteanu:2009:Sprout,
 author = {Olteanu, Dan and Huang, Jiewen and Koch, Christoph},
 title = {{SPROUT}: Lazy vs. Eager Query Plans for Tuple-Independent Probabilistic Databases},
 booktitle = {Proceedings of the 2009 IEEE International Conference on Data Engineering},
 series = {ICDE '09},
 year = {2009},
 isbn = {978-0-7695-3545-6},
 pages = {640--651},
 numpages = {12},
 publisher = {IEEE Computer Society}
} 

@InProceedings{ Dalvi:2010Algebras,
 author = {Dalvi, Nilesh and Schnaitter, Karl and Suciu, Dan},
 title = {Computing Query Probability with Incidence Algebras},
 booktitle = {Proceedings of the Twenty-ninth ACM SIGMOD-SIGACT-SIGART Symposium on Principles of Database Systems},
 series = {PODS '10},
 year = {2010},
 isbn = {978-1-4503-0033-9},
 location = {Indianapolis, Indiana, USA},
 pages = {203--214},
 numpages = {12},
 publisher = {ACM}
} 

@article{ChaviraIjar2006,
 author = {Chavira, Mark and Darwiche, Adnan and Jaeger, Manfred},
 title = {Compiling Relational Bayesian Networks for Exact Inference},
 journal = {Int. J. Approx. Reasoning},
 issue_date = {May, 2006},
 volume = {42},
 number = {1-2},
 month = may,
 year = {2006},
 issn = {0888-613X},
 pages = {4--20},
 numpages = {17},
 publisher = {Elsevier Science Inc.}
} 

@InProceedings{ Olteanu:2008,
	author = "Dan Olteanu and Jiewen Huang",
	title = "Using {OBDDs} for Efficient Query Evaluation on Probabilistic Databases",
	booktitle = "Proceedings of Second International Conference on Scalable Uncertainty Management",
	series = {SUM},
	year = "2008"
}

@InProceedings{ Bahar:1993,
	author = "R. Iris Bahar and Erica A. Frohm and Charles M. Gaona and Gary D. Hachtel and Enrico Macii and Abelardo Pardo and Fabio Somenzi",
	title = "Algebraic decision diagrams and their applications",
	booktitle = "ICCAD",
	year = "1993"
}

@article{DalviDiamonds,
 author = {Dalvi, Nilesh and R{\'e}, Christopher and Suciu, Dan},
 title = {Probabilistic Databases: Diamonds in the Dirt},
 journal = {Commun. ACM},
 issue_date = {July 2009},
 volume = {52},
 number = {7},
 month = jul,
 year = {2009},
 issn = {0001-0782},
 pages = {86--94},
 numpages = {9},
 publisher = {ACM}
} 

@inproceedings{Jha:2011,
 author = {Jha, Abhay and Suciu, Dan},
 title = {Knowledge Compilation Meets Database Theory: Compiling Queries to Decision Diagrams},
 booktitle = {Proceedings of the 14th International Conference on Database Theory},
 series = {ICDT '11},
 year = {2011},
 isbn = {978-1-4503-0529-7},
 location = {Uppsala, Sweden},
 pages = {162--173},
 numpages = {12},
 publisher = {ACM}
} 

@Book{ advBDD,
	author = "Ruediger Ebendt and Goeschwin Fey and Rolf Drechsler",
	title = "Advanced BDD Optimization",
	publisher = {Springer},
	year = "2005"
}

@article{Bollig:1996,
 author = {Bollig, Beate and Wegener, Ingo},
 title = {Improving the Variable Ordering of OBDDs Is NP-Complete},
 journal = {IEEE Trans. Comput.},
 issue_date = {September 1996},
 volume = {45},
 number = {9},
 month = sep,
 year = {1996},
 issn = {0018-9340},
 pages = {993--1002},
 numpages = {10},
 publisher = {IEEE Computer Society}
} 

@InProceedings{mantadelis,
 author = {Mantadelis, Theofrastos and Rocha, Ricardo and Kimmig, Angelika and Janssens, Gerda},
 title = {Preprocessing boolean formulae for BDDs in a probabilistic context},
 booktitle = {JELIA},
 year = {2010},
} 

@InProceedings{Boutilier:UAI96,
  author =       "C. Boutilier and N. Friedman and M. Goldszmidt and D. Koller",
  booktitle =    "UAI",
  title =        "Context-specific independence in {B}ayesian networks",
  year =         "1996",
  pages = {115--123}
}

@Book{Pearl,
 author = {Pearl, Judea},
 title = {Probabilistic reasoning in intelligent systems: networks of plausible inference},
 year = {1988},
 isbn = {0-934613-73-7},
 publisher = {Morgan Kaufmann Publishers Inc.}
} 

@article{Bryant92,
 author = {Bryant, Randal E.},
 title = {Symbolic Boolean Manipulation with Ordered Binary-decision Diagrams},
 journal = {ACM Comput. Surv.},
 issue_date = {Sept. 1992},
 volume = {24},
 number = {3},
 month = sep,
 year = {1992},
 issn = {0360-0300},
 pages = {293--318},
 numpages = {26},
 publisher = {ACM}
} 

@inproceedings{Dechter96,
  author    = {Rina Dechter},
  title     = {Bucket elimination: A unifying framework for probabilistic inference},
  booktitle = {UAI},
  year      = {1996},
  pages = {211--219}
}

@misc{CUDD,
  author={Fabio Somenzi},
  title={CUDD: CU Decision Diagram Package},
  howpublished= "\url{http://vlsi.colorado.edu/ fabio/CUDD/}"
}

@InCollection{chapter08,
  author       = "Deshpande, Amol and Getoor, Lise and Sen, Prithviraj",
  title        = "Graphical Models for Uncertain Data",
  booktitle    = "Managing and Mining Uncertain Data",
  year         = "2009",
  editor       = "C. Aggarwal",
  publisher    = "Springer",
}

@inproceedings{jayram:ieeebulletin06,
author = "T. S. Jayram and Rajasekar Krishnamurthy and Sriram Raghavan and Shivakumar Vaithyanathan and Huaiyu Zhu",
title = "Avatar Information Extraction System",
booktitle = "IEEE Data Engineering Bulletin", 
year = "2006"
}

@inproceedings{deshpande:vldb04,
 author = {Deshpande, Amol and Guestrin, Carlos and Madden, Samuel R. and Hellerstein, Joseph M. and Hong, Wei},
 title = {Model-driven Data Acquisition in Sensor Networks},
 booktitle = {Proceedings of the Thirtieth International Conference on Very Large Data Bases - Volume 30},
 series = {VLDB '04},
 year = {2004},
 isbn = {0-12-088469-0},
 location = {Toronto, Canada},
 pages = {588--599},
 numpages = {12},
 publisher = {VLDB Endowment}
} 

@article{kumar:vldb12,
 author = {Kumar, Arun and R{\'e}, Christopher},
 title = {Probabilistic Management of OCR Data Using an RDBMS},
 journal = {Proc. VLDB Endow.},
 issue_date = {December 2011},
 volume = {5},
 number = {4},
 month = dec,
 year = {2011},
 issn = {2150-8097},
 pages = {322--333},
 numpages = {12},
 publisher = {VLDB Endowment}
} 

@inproceedings{benjelloun:vldb06,
title = "{ULDBs}: Databases with Uncertainty and Lineage",
author = "Omar Benjelloun and Anish {Das Sarma} and Alon Halevy and Jennifer Widom",
booktitle = {Proceedings of the 32Nd International Conference on Very Large Data Bases},
 series = {VLDB '06},
 year = {2006},
 location = {Seoul, Korea},
 pages = {953--964},
 numpages = {12},
 publisher = {VLDB Endowment}
}

@inproceedings{boulos:sigmod05,
 author = {Boulos, Jihad and Dalvi, Nilesh and Mandhani, Bhushan and Mathur, Shobhit and Re, Chris and Suciu, Dan},
 title = {{MYSTIQ}: A System for Finding More Answers by Using Probabilities},
 booktitle = {Proceedings of the 2005 ACM SIGMOD International Conference on Management of Data},
 series = {SIGMOD '05},
 year = {2005},
 isbn = {1-59593-060-4},
 location = {Baltimore, Maryland},
 pages = {891--893},
 numpages = {3},
 publisher = {ACM}
} 

@article{lakshmanan:tods97,
 author = {Lakshmanan, Laks V. S. and Leone, Nicola and Ross, Robert and Subrahmanian, V. S.},
 title = {{ProbView}: A Flexible Probabilistic Database System},
 journal = {ACM Trans. Database Syst.},
 issue_date = {Sept. 1997},
 volume = {22},
 number = {3},
 month = sep,
 year = {1997},
 issn = {0362-5915},
 pages = {419--469},
 numpages = {51},
 publisher = {ACM}
} 
 
 
@article{fuhr:is97:PRA:239041.239045,
 author = {Fuhr, Norbert and R\"{o}lleke, Thomas},
 title = {A Probabilistic Relational Algebra for the Integration of Information Retrieval and Database Systems},
 journal = {ACM Trans. Inf. Syst.},
 issue_date = {Jan. 1997},
 volume = {15},
 number = {1},
 month = jan,
 year = {1997},
 issn = {1046-8188},
 pages = {32--66},
 numpages = {35},
 publisher = {ACM}
} 

@article{wang:vldb08,
  author    = {Daisy Zhe Wang and
               Eirinaios Michelakis and
               Minos N. Garofalakis and
               Joseph M. Hellerstein},
  title     = {{BayesStore}: managing large, uncertain data repositories
               with probabilistic graphical models},
  journal   = {PVLDB},
  volume    = {1},
  number    = {1},
  year      = {2008},
  pages     = {340-351}
}

@article{wick:vldb10:SPD:1920841.1920942,
 author = {Wick, Michael and McCallum, Andrew and Miklau, Gerome},
 title = {Scalable Probabilistic Databases with Factor Graphs and MCMC},
 journal = {Proc. VLDB Endow.},
 issue_date = {September 2010},
 volume = {3},
 number = {1-2},
 month = sep,
 year = {2010},
 issn = {2150-8097},
 pages = {794--804},
 numpages = {11},
 publisher = {VLDB Endowment}
} 

@book{suciu:2011,
    author    = {Dan Suciu and
        Dan Olteanu and
            Christopher R{\'e} and
            Christoph Koch},
    title     = {Probabilistic Databases},
    booktitle = {Probabilistic Databases},
    publisher = {Morgan {\&} Claypool},
    series    = {Synthesis Lectures on Data Management},
    year      = {2011},
}

@inproceedings{kanagal:sigmod10,
 author = {Kanagal, Bhargav and Deshpande, Amol},
 title = {Lineage Processing over Correlated Probabilistic Databases},
 booktitle = {Proceedings of the 2010 ACM SIGMOD International Conference on Management of Data},
 series = {SIGMOD '10},
 year = {2010},
 isbn = {978-1-4503-0032-2},
 location = {Indianapolis, Indiana, USA},
 pages = {675--686},
 numpages = {12},
 publisher = {ACM}
} 

@inproceedings{Jha:2010,
 author = {Jha, Abhay and Olteanu, Dan and Suciu, Dan},
 title = {Bridging the gap between intensional and extensional query evaluation in probabilistic databases},
 booktitle = {EDBT},
 year = {2010}
} 


@inproceedings{Dong:2007,
 author = {Dong, Xin and Halevy, Alon Y. and Yu, Cong},
 title = {Data Integration with Uncertainty},
 booktitle = {Proceedings of the 33rd International Conference on Very Large Data Bases},
 series = {VLDB '07},
 year = {2007},
 isbn = {978-1-59593-649-3},
 location = {Vienna, Austria},
 pages = {687--698},
 numpages = {12},
 publisher = {VLDB Endowment}
}

@INPROCEEDINGS{re:2007,
    author = {Christopher Re and Nilesh Dalvi and Dan Suciu},
    title = {Efficient top-k query evaluation on probabilistic data},
    booktitle = {Proceedings of the 23rd International Conference on Data
               Engineering, ICDE},
     series = {ICDE},
  publisher = {IEEE},
    year = {2007}
}

@inproceedings{Lowd:2008,
  author = {Lowd, Daniel and Domingos, Pedro},
  booktitle = {UAI},
  title = {Learning Arithmetic Circuits},
  year = 2008
}

@inproceedings{Poon:2011,
  author = {Poon, Hoifung and Domingos, Pedro},
  booktitle = { Proceedings of the Twenty-Seventh Conference on
               Uncertainty in Artificial Intelligence},
  series = {UAI},
  title = {Sum-Product Networks: A New Deep Architecture},
  year = 2011
}

@inproceedings{Kanagal:sigmod09,
 author = {Kanagal, Bhargav and Deshpande, Amol},
 title = {Indexing Correlated Probabilistic Databases},
 booktitle = {Proceedings of the 2009 ACM SIGMOD International Conference on Management of Data},
 series = {SIGMOD '09},
 year = {2009},
 isbn = {978-1-60558-551-2},
 location = {Providence, Rhode Island, USA},
 pages = {455--468},
 numpages = {14},
 publisher = {ACM}
} 


@inproceedings{Green:2006,
 author = {Green, Todd J. and Tannen, Val},
 title = {Models for Incomplete and Probabilistic Information},
 booktitle = {Proceedings of the 2006 International Conference on Current Trends in Database Technology},
 series = {EDBT'06},
 year = {2006},
 isbn = {3-540-46788-2, 978-3-540-46788-5},
 location = {Munich, Germany},
 pages = {278--296},
 numpages = {19},
 publisher = {Springer-Verlag}
} 

@inproceedings{rekatsinas:2012,
 author = {Rekatsinas, Theodoros and Deshpande, Amol and Getoor, Lise},
 title = {Local Structure and Determinism in Probabilistic Databases},
 booktitle = {Proceedings of the 2012 ACM SIGMOD International Conference on Management of Data},
 series = {SIGMOD '12},
 year = {2012},
 isbn = {978-1-4503-1247-9},
 location = {Scottsdale, Arizona, USA},
 pages = {373--384},
 numpages = {12},
 publisher = {ACM}
} 


@inproceedings{rekatsinas:2014:icdm,
 author = {Rekatsinas, Theodoros and Ghosh, Saurav and Mekaru, Sumiko and Nsoesie, Elaine and Brownstein, John and Getoor, Lise and Ramakrishnan, Naren},
 title = {SourceSeer: Forecasting Rare Disease Outbreaks Using Multiple Data Sources},
 booktitle = {In Submission to the IEEE International Conference on Data Mining},
 series = {ICDM},
 year = {2014}
} 

@article{darwiche:2004,
  title={Compiling propositional weighted bases},
  author={Darwiche, Adnan and Marquis, Pierre},
  journal={Artificial Intelligence},
  volume={157},
  number={1},
  pages={81--113},
  year={2004},
  publisher={Elsevier}
}

@inproceedings{franklin:2011,
 author = {Franklin, Michael J. and Kossmann, Donald and Kraska, Tim and Ramesh, Sukriti and Xin, Reynold},
 title = {CrowdDB: Answering Queries with Crowdsourcing},
 booktitle = {Proceedings of the 2011 ACM SIGMOD International Conference on Management of Data},
 series = {SIGMOD '11},
 year = {2011},
 isbn = {978-1-4503-0661-4},
 location = {Athens, Greece},
 pages = {61--72},
 numpages = {12}
} 


@inproceedings{marcus:2011,
  author    = {Adam Marcus and
               Eugene Wu and
               Samuel Madden and
               Robert C. Miller},
  title     = {Crowdsourced Databases: Query Processing with People},
  booktitle = {CIDR},
  year      = {2011},
  pages     = {211-214}
}

@inproceedings{franklin:2013,
 author = {Franklin, Michael J. and Trushkowsky, Beth and Sarkar, Purnamrita and Kraska, Tim},
 title = {Crowdsourced Enumeration Queries},
 booktitle = {Proceedings of the 2013 IEEE International Conference on Data Engineering (ICDE 2013)},
 series = {ICDE '13},
 year = {2013},
 isbn = {978-1-4673-4909-3},
 pages = {673--684},
 numpages = {12}
} 

@incollection{kim:2012,
year={2012},
isbn={978-3-642-32540-3},
booktitle={Knowledge Management and Acquisition for Intelligent Systems},
volume={7457},
series={Lecture Notes in Computer Science},
title={Crowd-Sourced Knowledge Bases},
author={Kim, YangSok and Kang, ByeongHo and Ryu, SeungHwan and Compton, Paul and Han, SoyeonCaren and Menzies, Tim},
pages={258-271}
}

@inproceedings{park:2014,
 author = {Park, Hyunjung and Widom, Jennifer},
 title = {CrowdFill: Collecting Structured Data from the Crowd},
 booktitle = {Proceedings of the 2014 ACM SIGMOD International Conference on Management of Data},
 series = {SIGMOD '14},
 year = {2014},
 isbn = {978-1-4503-2376-5},
 location = {Snowbird, Utah, USA},
 pages = {577--588},
 numpages = {12}
} 

@article{kschischang:2006,
 author = {Kschischang, F. R. and Frey, B. J. and Loeliger, H. -A.},
 title = {Factor Graphs and the Sum-product Algorithm},
 journal = {IEEE Trans. Inf. Theor.},
 issue_date = {February 2001},
 volume = {47},
 number = {2},
 month = sep,
 year = {2006},
 pages = {498--519}
} 


@article{dunn,
    author = {Dunn Halbert, L.},
    journal = {American Journal of Public Health},
    month = {Jan.},
    number = {1},
    pages = {1412--1416},
    publisher = {Pan American Health Organization (PAHO)},
    title = {{Record Linkage}},
    volume = {36},
    year = {1946}
}

@article{fellegi,
  author = {Fellegi, I. P. and Sunter, A. B.},
  journal = {Journal of the American Statistical Association},
  pages = {1183--1210},
  title = {A Theory for Record Linkage},
  volume = 64,
  year = 1969
}

@inproceedings{Chaudhuri:2003,
 author = {Chaudhuri, Surajit and Ganjam, Kris and Ganti, Venkatesh and Motwani, Rajeev},
 title = {Robust and Efficient Fuzzy Match for Online Data Cleaning},
 booktitle = {Proceedings of the 2003 ACM SIGMOD International Conference on Management of Data},
 series = {SIGMOD '03},
 year = {2003},
 isbn = {1-58113-634-X},
 location = {San Diego, California},
 pages = {313--324},
 numpages = {12}},
 publisher = {ACM}
} 

@inproceedings{Cohen:2003,
  author    = {William W. Cohen and
               Pradeep D. Ravikumar and
               Stephen E. Fienberg},
  title     = {A Comparison of String Distance Metrics for Name-Matching
               Tasks},
  booktitle = {IIWeb},
  year      = {2003},
  pages     = {73-78}
}

@inproceedings{Bilenko:2003,
 author = {Bilenko, Mikhail and Mooney, Raymond J.},
 title = {Adaptive Duplicate Detection Using Learnable String Similarity Measures},
 booktitle = {Proceedings of the Ninth ACM SIGKDD International Conference on Knowledge Discovery and Data Mining},
 series = {KDD '03},
 year = {2003},
 isbn = {1-58113-737-0},
 location = {Washington, D.C.},
 pages = {39--48},
 numpages = {10},
 publisher = {ACM}
} 

@article{Bhattacharya:2007,
 author = {Bhattacharya, Indrajit and Getoor, Lise},
 title = {Collective Entity Resolution in Relational Data},
 journal = {ACM Trans. Knowl. Discov. Data},
 issue_date = {March 2007},
 volume = {1},
 number = {1},
 month = mar,
 year = {2007},
 issn = {1556-4681},
 publisher = {ACM}
} 

@inproceedings{Bhattacharya:2004,
 author = {Bhattacharya, Indrajit and Getoor, Lise},
 title = {Iterative Record Linkage for Cleaning and Integration},
 booktitle = {Proceedings of the 9th ACM SIGMOD Workshop on Research Issues in Data Mining and Knowledge Discovery},
 series = {DMKD '04},
 year = {2004},
 isbn = {1-58113-908-X},
 location = {Paris, France},
 pages = {11--18},
 numpages = {8},
 publisher = {ACM}
} 

@inproceedings{McCallum:2000,
 author = {McCallum, Andrew and Nigam, Kamal and Ungar, Lyle H.},
 title = {Efficient Clustering of High-dimensional Data Sets with Application to Reference Matching},
 booktitle = {Proceedings of the Sixth ACM SIGKDD International Conference on Knowledge Discovery and Data Mining},
 series = {KDD '00},
 year = {2000},
 isbn = {1-58113-233-6},
 location = {Boston, Massachusetts, USA},
 pages = {169--178},
 numpages = {10},
 publisher = {ACM}
} 

@inproceedings{PARAG_2004,
    author = {Singla Parag and Domingos, Pedro},
    booktitle = {KDD Workshop on Multi-Relational Data Mining},
    citeulike-article-id = {4363688},
    keywords = {relational\_clustering, statistical-relational-learning},
    posted-at = {2009-04-18 21:44:57},
    priority = {2},
    title = {{Multi-Relational Record Linkage}},
    year = {2004}
}

@inproceedings{Florescu:1997,
 author = {Florescu, Daniela and Koller, Daphne and Levy, Alon Y.},
 title = {Using Probabilistic Information in Data Integration},
 booktitle = {Proceedings of the 23rd International Conference on Very Large Data Bases},
 series = {VLDB '97},
 year = {1997},
 isbn = {1-55860-470-7},
 pages = {216--225},
 numpages = {10},
 publisher = {Morgan Kaufmann Publishers Inc.}
} 

@article{Gal:2006,
 author = {Gal, Avigdor},
 title = {Why is Schema Matching Tough and What Can We Do About It?},
 journal = {SIGMOD Rec.},
 issue_date = {December 2006},
 volume = {35},
 number = {4},
 month = dec,
 year = {2006},
 issn = {0163-5808},
 pages = {2--5},
 numpages = {4},
 publisher = {ACM}
} 

@inproceedings{Magnani:2007,
  author    = {Matteo Magnani and
               Danilo Montesi},
  title     = {Uncertainty in data integration: current approaches and
               open problems},
  booktitle = {MUD},
  year      = {2007},
  pages     = {18-32}
}

@article{Dong_vldb:2009,
 author = {Dong, Xin Luna and Halevy, Alon and Yu, Cong},
 title = {Data Integration with Uncertainty},
 journal = {The VLDB Journal},
 issue_date = {April     2009},
 volume = {18},
 number = {2},
 month = apr,
 year = {2009},
 issn = {1066-8888},
 pages = {469--500},
 numpages = {32},
 publisher = {Springer-Verlag New York, Inc.}
} 

@inproceedings{Lenzerini:2002,
 author = {Lenzerini, Maurizio},
 title = {Data Integration: A Theoretical Perspective},
 booktitle = {Proceedings of the Twenty-first ACM SIGMOD-SIGACT-SIGART Symposium on Principles of Database Systems},
 series = {PODS '02},
 year = {2002},
 isbn = {1-58113-507-6},
 location = {Madison, Wisconsin},
 pages = {233--246},
 numpages = {14},
 publisher = {ACM}
} 



%% This BibTeX bibliography file was created using BibDesk.
%% http://bibdesk.sourceforge.net/


%% Saved with string encoding Unicode (UTF-8) 
  		
@BOOK{marshall:1890,
	AUTHOR = "Alfred Marshall",
	TITLE = "Principles of Economics",
	PUBLISHER = "Prometheus Books",
	YEAR = "1890"	
}

@article{balazinska:vldb11,
  author    = {Magdalena Balazinska and
               Bill Howe and
               Dan Suciu},
  title     = {Data Markets in the Cloud: An Opportunity for the Database
               Community},
 journal   = {Proc. VLDB Endow.},
 volume = {4},
 number = {12},
 year = {2011},
 pages = {1482-1485},
 numpages = {2},
 publisher = {VLDB Endowment}
}

@inproceedings{morris:04,
  author    = {Andrew Cameron Morris and
               Viktoria Maier and
               Phil Green},
  title     = {From {WER} and {RIL} to {MER} and {WIL}: improved evaluation measures
               for connected speech recognition},
  booktitle = {INTERSPEECH},
  year      = {2004}
}

@book{gallager:96,
    address = {Boston},
    author = {Gallager, R. G.},
    publisher = {Kluwer Academic Publishers},
    title = {Discrete Stochastic Processes},
    year = {1996}
}

@inproceedings{pal:12,
 author = {Pal, Aditya and Rastogi, Vibhor and Machanavajjhala, Ashwin and Bohannon, Philip},
 title = {Information Integration over Time in Unreliable and Uncertain Environments},
 booktitle = {Proceedings of the 21st International Conference on World Wide Web},
 series = {WWW '12},
 year = {2012},
 isbn = {978-1-4503-1229-5},
 location = {Lyon, France},
 pages = {789--798},
 numpages = {10},
 url = {http://doi.acm.org/10.1145/2187836.2187943},
 doi = {10.1145/2187836.2187943},
 acmid = {2187943},
 publisher = {ACM},
 address = {New York, NY, USA},
 keywords = {information integration, probabilistic model, semi-markov}
} 

@article{liu:11,
  author    = {Xuan Liu and
               Xin Luna Dong and
               Beng Chin Ooi and
               Divesh Srivastava},
  title     = {Online Data Fusion},
  journal   = {PVLDB},
  volume    = {4},
  number    = {11},
  year      = {2011},
  pages     = {932-943}
}


@article{li:11,
  author    = {Pei Li and
               Xin Luna Dong and
               Andrea Maurino and
               Divesh Srivastava},
  title     = {Linking temporal records},
  journal   = {Frontiers of Computer Science},
  volume    = {6},
  number    = {3},
  year      = {2012},
  pages     = {293-312}
}


@article{dong:09,
 author = {Dong, Xin Luna and Berti-Equille, Laure and Srivastava, Divesh},
 title = {Truth Discovery and Copying Detection in a Dynamic World},
 journal = {Proc. VLDB Endow.},
 issue_date = {August 2009},
 volume = {2},
 number = {1},
 month = aug,
 year = {2009},
 issn = {2150-8097},
 pages = {562--573},
 numpages = {12},
 publisher = {VLDB Endowment}
} 

@article{kaplan:58,
    author = {Kaplan, E. L. and Meier, Paul},
    journal = {JASA},
    pages = {457--481},
    title = {Nonparametric Estimation from Incomplete Observations},
    volume = {53},
    year = {1958}
}


@inproceedings{agarwal:2006,
    author = {Agarwal, S. and Trachtenberg, A.},
    booktitle = {ITW'06 Punta del Este},
    pages = {217--221},
    title = {{Approximating the number of differences between remote sets}},
    year = {2006}
}

@article{swamidass:07,
    author = {Swamidass, S. Joshua and Baldi, Pierre},
    booktitle = {Journal of Chemical Information and Modeling},
    journal = {J. Chem. Inf. Model.},
    pages = {952--964},
    title = {{Mathematical Correction for Fingerprint Similarity Measures to Improve Chemical Retrieval}},
    volume = {47},
    year = {2007}
}

@article{jaynes:57,
    author = {Jaynes, E. T.},
    journal = {Physical Review Online Archive (Prola)},
    pages = {620--630},
    publisher = {American Physical Society},
    title = {{Information Theory and Statistical Mechanics}},
    volume = {106},
    year = {1957}
}


@article{lovasz,
    author = {Lov{\'{a}}sz, Laszl{\'{o}}},
    journal = {Mathematical programming: the state of the art},
    title = {Submodular functions and convexity},
    year = {1983}
}

@inproceedings{lee:2009,
 author = {Lee, Jon and Mirrokni, Vahab S. and Nagarajan, Viswanath and Sviridenko, Maxim},
 title = {Non-monotone Submodular Maximization Under Matroid and Knapsack Constraints},
 booktitle = {Proceedings of the Forty-first Annual ACM Symposium on Theory of Computing},
 series = {STOC '09},
 year = {2009},
 isbn = {978-1-60558-506-2},
 location = {Bethesda, MD, USA},
 pages = {323--332},
 numpages = {10},
 publisher = {ACM}
} 

@article{feo:1995,
    author = {Feo, Thomas A. and Resende, Mauricio G. C.},
    journal = {Journal of Global Optimization},
    title = {{Greedy Randomized Adaptive Search Procedures}},
    volume = {6},
    year = {1995}
}
 
@article{cho:2003,
 author = {Cho, Junghoo and Garcia-Molina, Hector},
 title = {Effective Page Refresh Policies for Web Crawlers},
 journal = {ACM Trans. Database Syst.},
 issue_date = {December 2003},
 volume = {28},
 number = {4},
 month = dec,
 year = {2003},
 issn = {0362-5915},
 pages = {390--426},
 numpages = {37},
 publisher = {ACM}
} 

@book{meng:2010,
 author = {Meng, Weiyi and Yu, Clement and Ozsu, M. Tamer},
 title = {Advanced Metasearch Engine Technology},
 year = {2010},
 isbn = {1608451925, 9781608451920},
 publisher = {Morgan \& Claypool Publishers}
} 


@inproceedings{qi:2013,
 author = {Qi, Guo-Jun and Aggarwal, Charu C. and Han, Jiawei and Huang, Thomas},
 title = {Mining Collective Intelligence in Diverse Groups},
 booktitle = {Proceedings of the 22Nd International Conference on World Wide Web},
 series = {WWW '13},
 year = {2013},
 isbn = {978-1-4503-2035-1},
 location = {Rio de Janeiro, Brazil},
 pages = {1041--1052},
 numpages = {12},
 publisher = {International World Wide Web Conferences Steering Committee}
} 

@inproceedings{dassarma:2012,
 author = {Das Sarma, Anish and Fang, Lujun and Gupta, Nitin and Halevy, Alon and Lee, Hongrae and Wu, Fei and Xin, Reynold and Yu, Cong},
 title = {Finding Related Tables},
 booktitle = {Proceedings of the 2012 ACM SIGMOD International Conference on Management of Data},
 series = {SIGMOD '12},
 year = {2012},
 isbn = {978-1-4503-1247-9},
 location = {Scottsdale, Arizona, USA},
 pages = {817--828},
 numpages = {12},
 publisher = {ACM}
} 


@article{pimplikar:2012,
 author = {Pimplikar, Rakesh and Sarawagi, Sunita},
 title = {Answering Table Queries on the Web Using Column Keywords},
 journal = {Proc. VLDB Endow.},
 issue_date = {June 2012},
 volume = {5},
 number = {10},
 month = jun,
 year = {2012},
 issn = {2150-8097},
 pages = {908--919},
 numpages = {12},
 publisher = {VLDB Endowment}
} 


@article{zhao:2012,
 author = {Zhao, Bo and Rubinstein, Benjamin I. P. and Gemmell, Jim and Han, Jiawei},
 title = {A Bayesian Approach to Discovering Truth from Conflicting Sources for Data Integration},
 journal = {Proc. VLDB Endow.},
 issue_date = {February 2012},
 volume = {5},
 number = {6},
 month = feb,
 year = {2012},
 issn = {2150-8097},
 pages = {550--561},
 numpages = {12},
 publisher = {VLDB Endowment}
} 


@INPROCEEDINGS{mihaila:2000,
    author = {George A. Mihaila and Louiqa Raschid and Maria-esther Vidal},
    title = {Using Quality of Data Metadata for Source Selection and Ranking},
    booktitle = {Vossen (Eds.), Proceedings of the Third International Workshop on the Web and Databases, WebDB},
    year = {2000},
    pages = {93--98}
}

@inproceedings{halevy:2006,
 author = {Halevy, Alon and Rajaraman, Anand and Ordille, Joann},
 title = {Data Integration: The Teenage Years},
 booktitle = {Proceedings of the 32Nd International Conference on Very Large Data Bases},
 series = {VLDB '06},
 year = {2006},
 location = {Seoul, Korea},
 pages = {9--16},
 numpages = {8},
 publisher = {VLDB Endowment}
} 

@article{hua:2013,
author = {Ting Hua and Chang-Tien Lu and Naren Ramakrishnan and Feng Chen and Jaime Arredondo and David Mares and Kristen Summers},
title = {Analyzing Civil Unrest through Social Media},
journal ={Computer},
volume = {46},
number = {12},
year = {2013},
pages = {80-84}
}



@article{leetaru:2013,
author = {Leetaru, Kalev and Schrodt, Philip},
title  ={GDELT: Global Data on Events, Language, and Tone, 1979-2012},
journal = {Inter. Studies Association Annual Conf.},
year = {2013}
}

@inproceedings{stonebraker:2013, 
  title = {Data Curation at Scale: The Data Tamer System}, 
  author = {Stonebraker, Michael and Bruckner, Daniel and Ilyas, Ihab and Beskales, George and Cherniack, Mitch and Zdonik, Stan and Pagan, Alexander and Xu, Shan}, 
  booktitle = {Proceedings of CIDR'13},  
  year = {2013}
  }
  

@book{herzog:2010,
  author    = {Thomas N. Herzog and
               Fritz J. Scheuren and
               William E. Winkler},
  title     = {Data quality and record linkage techniques},
  publisher = {Springer},
  year      = {2007},
  isbn      = {978-0-387-69502-0},
  pages     = {I-XIII, 1-227}
}

@article{feige:07,
 author = {Feige, Uriel and Mirrokni, Vahab S. and Vondr\'{a}k, Jan},
 title = {Maximizing Non-monotone Submodular Functions},
 journal = {SIAM J. Comput.},
 issue_date = {July 2011},
 volume = {40},
 number = {4},
 month = jul,
 year = {2011},
 issn = {0097-5397},
 pages = {1133--1153},
 numpages = {21},
 publisher = {Society for Industrial and Applied Mathematics}
} 


@article {unkel:2012,
author = {Unkel, Steffen and Farrington, C. Paddy and Garthwaite, Paul H. and Robertson, Chris and Andrews, Nick},
title = {Statistical methods for the prospective detection of infectious disease outbreaks: a review},
journal = {Journal of the Royal Statistical Society},
volume = {175},
number = {1},
year = {2012}}


@inproceedings{wong:03,
  author    = {Weng-Keen Wong and
               Andrew W. Moore and
               Gregory F. Cooper and
               Michael M. Wagner},
  title     = {Bayesian Network Anomaly Pattern Detection for Disease Outbreaks},
  booktitle = {ICML},
  year      = {2003},
  pages     = {808-815}
}
 
 @inproceedings{wong:02,
 author = {Wong, Weng-Keen and Moore, Andrew and Cooper, Gregory and Wagner, Michael},
 title = {Rule-based Anomaly Pattern Detection for Detecting Disease Outbreaks},
 booktitle = {Eighteenth National Conference on Artificial Intelligence},
 year = {2002},
 isbn = {0-262-51129-0},
 location = {Edmonton, Alberta, Canada},
 pages = {217--223},
 numpages = {7},
 publisher = {American Association for Artificial Intelligence}
} 


@article{brownstein:2008,
    author = {Brownstein, John S. and Freifeld, Clark C. and Reis, Ben Y. and Mandl, Kenneth D.},
    journal = {PLoS Medicine},
    number = {7},
    title = {{Surveillance Sans Fronti\`{e}res: Internet-Based Emerging Infectious Disease Intelligence and the HealthMap Project}},
    volume = {5},
    year = {2008}
}

@article{linge:09,
        title = {Internet Surveillance Systems for Early Alerting of Health Threats },
        author = {J P Linge and R Steinberger and T P Weber and R Yangarber and E van der Goot},
        journal = {Eurosurveillance },
        number = 13,
        volume = 14,
        year = 2009
    }

@article{corley:10,
        title = {Text and structural data mining of influenza mentions in web and social media},
        author = {C Corley and D Cook and A Mikler and K Singh},
        journal = {International Journal of Environmental Research and Public Health},
        number = 2,
        volume = 7,
        year = 2010
    }    
    
    
@article{ginsberg:09,
    author = {Ginsberg, Jeremy and Mohebbi, Matthew H. and Patel, Rajan S. and Brammer, Lynnette and Smolinski, Mark S. and Brilliant, Larry},
    journal = {Nature},
    title = {{Detecting influenza epidemics using search engine query data}},
    volume = {457},
    year = {2009}
}


@inproceedings{culotta:2010,
 author = {Culotta, Aron},
 title = {Towards detecting influenza epidemics by analyzing Twitter messages},
 series = {SOMA},
 year = {2010}
} 


@inproceedings{matsubara:2012,
 author = {Matsubara, Yasuko and Sakurai, Yasushi and Faloutsos, Christos and Iwata, Tomoharu and Yoshikawa, Masatoshi},
 title = {Fast Mining and Forecasting of Complex Time-stamped Events},
 booktitle = {Proceedings of the 18th ACM SIGKDD International Conference on Knowledge Discovery and Data Mining},
 series = {KDD '12},
 year = {2012},
 isbn = {978-1-4503-1462-6},
 location = {Beijing, China},
 pages = {271--279},
 numpages = {9},
 publisher = {ACM}
} 


@article{schoelkopf:99,
 author = {Sch\"{o}lkopf, Bernhard and Platt, John C. and Shawe-Taylor, John C. and Smola, Alex J. and Williamson, Robert C.},
 title = {Estimating the Support of a High-Dimensional Distribution},
 journal = {Neural Comput.},
 issue_date = {July 2001},
 volume = {13},
 number = {7},
 month = jul,
 year = {2001},
 issn = {0899-7667},
 pages = {1443--1471},
 numpages = {29},
 publisher = {MIT Press}
} 

@article{healthmap, 
    author = {Freifeld, Clark C. and Mandl, Kenneth D. and Reis, Ben Y. and Brownstein, John S.},
    journal = {Journal of the American Medical Informatics Association},
    title = {{HealthMap: Global Infectious Disease Monitoring through Automated Classification and Visualization of Internet Media Reports}},
    volume = {15},
    year = {2008}
}

@misc{paho,
 title = {Pan American Health Organization},
 howpublished = {\url{http://www.paho.org/usa/}}
}  

@misc{probmed,
 title = {International Society For Infectious Diseases},
 howpublished = {\url{http://www.promedmail.org/}}
}  

@misc{who,
 title = {World Health Organization},
 howpublished = {\url{http://www.who.int/}}
}  

@paper{paul:11,
	author = {Michael Paul and Mark Dredze},
	title = {You Are What You Tweet: Analyzing Twitter for Public Health},
	conference = {International AAAI Conference on Weblogs and Social Media},
	year = {2011}
}

@inproceedings{parker:13,
 author = {Parker, Jon and Wei, Yifang and Yates, Andrew and Frieder, Ophir and Goharian, Nazli},
 title = {A Framework for Detecting Public Health Trends with Twitter},
 booktitle = {Proceedings of the 2013 IEEE/ACM International Conference on Advances in Social Networks Analysis and Mining},
 series = {ASONAM},
 year = {2013}
} 

@article{jonsson:10, 
    author = {Jonsson, Colleen B. and Figueiredo, Luiz Tadeu Moraes and Vapalahti, Olli},
    title = {A Global Perspective on Hantavirus Ecology, Epidemiology and Disease},
    journal = {Clinical Microbiology Review},
    number={2},
    volume = {23},    
    year = {2010}    
}


@article{blei:2003,
 author = {Blei, David M. and Ng, Andrew Y. and Jordan, Michael I.},
 title = {Latent Dirichlet Allocation},
 journal = {J. Mach. Learn. Res.},
 issue_date = {3/1/2003},
 volume = {3},
 month = mar,
 year = {2003},
 issn = {1532-4435},
 pages = {993--1022},
 numpages = {30},
 publisher = {JMLR.org}
} 

@inproceedings{rosen:2004,
 author = {Rosen-Zvi, Michal and Griffiths, Thomas and Steyvers, Mark and Smyth, Padhraic},
 title = {The Author-topic Model for Authors and Documents},
 booktitle = {Proceedings of the 20th Conference on Uncertainty in Artificial Intelligence},
 series = {UAI '04},
 year = {2004},
 isbn = {0-9749039-0-6},
 location = {Banff, Canada},
 pages = {487--494},
 numpages = {8},
 publisher = {AUAI Press}
}

@article{arora:2012,
  author    = {Sanjeev Arora and
               Elad Hazan and
               Satyen Kale},
  title     = {The Multiplicative Weights Update Method: a Meta-Algorithm
               and Applications},
  journal   = {Theory of Computing},
  volume    = {8},
  number    = {1},
  year      = {2012}
}

@inproceedings{bigi:2003,
 author = {Bigi, Brigitte},
 title = {Using Kullback-Leibler Distance for Text Categorization},
 booktitle = {Proceedings of the 25th European Conference on IR Research},
 series = {ECIR'03},
 year = {2003},
 isbn = {3-540-01274-5},
 location = {Pisa, Italy},
 pages = {305--319},
 numpages = {15},
 publisher = {Springer-Verlag}
} 

@INPROCEEDINGS{strehl:2000,
    author = {Alexander Strehl and Er Strehl and Joydeep Ghosh and Raymond Mooney},
    title = {Impact of Similarity Measures on Web-page Clustering},
    booktitle = {In Workshop on Artificial Intelligence for Web Search (AAAI 2000},
    year = {2000},
    pages = {58--64},
    publisher = {AAAI}
}


@inproceedings{wang:2007,
    author = {Wang, Xianggang and Grimson, Eric},
    booktitle = {Advances in Neural Information Processing Systems},
    title = {Spatial Latent Dirichlet Allocation},
    volume = {20},
    year = {2007}
}

@inproceedings{wang:2006,
 author = {Wang, Xuerui and McCallum, Andrew},
 title = {Topics over Time: A non-Markov Continuous-time Model of Topical Trends},
 booktitle = {Proceedings of the 12th ACM SIGKDD International Conference on Knowledge Discovery and Data Mining},
 series = {KDD '06},
 year = {2006},
 isbn = {1-59593-339-5},
 location = {Philadelphia, PA, USA},
 pages = {424--433},
 numpages = {10},
 publisher = {ACM}
} 

@inproceedings{blei:2006,
 author = {Blei, David M. and Lafferty, John D.},
 title = {Dynamic Topic Models},
 booktitle = {Proceedings of the 23rd International Conference on Machine Learning},
 series = {ICML '06},
 year = {2006},
 isbn = {1-59593-383-2},
 location = {Pittsburgh, Pennsylvania},
 pages = {113--120},
 numpages = {8},
 publisher = {ACM}
} 

@inproceedings{ramage:2009,
  title={Labeled LDA: A supervised topic model for credit attribution in multi-labeled corpora},
  author={Ramage, Daniel and Hall, David and Nallapati, Ramesh and Manning, Christopher D},
  series = {EMNLP},
  year={2009}
}

@inproceedings{sadilek:2012,
  author    = {Adam Sadilek and
               Henry A. Kautz and
               Vincent Silenzio},
  title     = {Predicting Disease Transmission from Geo-Tagged Micro-Blog
               Data},
  series = {AAAI},
  year      = {2012}
}

@inproceedings{rider:2013,
 author = {Rider, Andrew K. and Chawla, Nitesh V.},
 title = {An Ensemble Topic Model for Sharing Healthcare Data and Predicting Disease Risk},
 series = {BCB},
 year = {2013}
} 


@article{Wilcoxon45,
    author = {Wilcoxon, Frank},
    doi = {10.2307/3001968},
    issn = {00994987},
    journal = {Biometrics Bulletin},
    month = dec,
    number = {6},
    pages = {80--83},
    publisher = {International Biometric Society},
    title = {{Individual Comparisons by Ranking Methods}},
    volume = {1},
    year = {1945}
}



@article{manevitz:2002,
 author = {Manevitz, Larry M. and Yousef, Malik},
 title = {One-class Svms for Document Classification},
 journal = {J. Mach. Learn. Res.},
 issue_date = {3/1/2002},
 volume = {2},
 month = mar,
 year = {2002},
 issn = {1532-4435},
 pages = {139--154},
 numpages = {16},
 publisher = {JMLR.org},
} 


@article{steinwart:05,
 author = {Steinwart, Ingo and Hush, Don and Scovel, Clint},
 title = {A Classification Framework for Anomaly Detection},
 journal = {J. Mach. Learn. Res.},
 issue_date = {12/1/2005},
 volume = {6},
 month = dec,
 year = {2005},
 issn = {1532-4435},
 pages = {211--232},
 numpages = {22},
 publisher = {JMLR.org}
} 

@INPROCEEDINGS{heller:03,
    author = {Katherine A. Heller and Krysta M. Svore and Angelos D. Keromytis and Salvatore J. Stolfo},
    title = {One Class Support Vector Machines for Detecting Anomalous Windows Registry Accesses},
    booktitle = {In Proc. of the workshop on Data Mining for Computer Security},
    year = {2003}
}

@article{khan:13,
  author    = {Shehroz S. Khan and
               Michael G. Madden},
  title     = {One-Class Classification: Taxonomy of Study and Review of
               Techniques},
  journal   = {CoRR},
  volume    = {abs/1312.0049},
  year      = {2013}
}


@article{balazinska:2013,
year={2013},
booktitle={In Search of Elegance in the Theory and Practice of Computation},
volume={8000},
series={Lecture Notes in Computer Science},
editor={Tannen, Val and Wong, Limsoon and Libkin, Leonid and Fan, Wenfei and Tan, Wang-Chiew and Fourman, Michael},
title={A Discussion on Pricing Relational Data},
publisher={Springer Berlin Heidelberg},
author={Balazinska, Magdalena and Howe, Bill and Koutris, Paraschos and Suciu, Dan and Upadhyaya, Prasang},
pages={167-173}
}

@techreport{london:arxiv13b,
	Author = {London, Ben and Rekatsinas, Theodoros and Huang, Bert and Getoor, Lise},
	Date-Added = {2013-08-20 21:12:13 +0000},
	Date-Modified = {2013-08-20 21:12:13 +0000},
	Institution = {University of Maryland College Park},
	Note = {http://arxiv.org/abs/1303.1733},
	Title = {Multi-relational Learning Using Weighted Tensor Decomposition with Modular Loss},
	Year = {2013}}

@inproceedings{berti-equille:sailing,
  author    = {Laure Berti-Equille and
               Anish Das Sarma and
               Xin Dong and
               Am{\'e}lie Marian and
               Divesh Srivastava},
  title     = {Sailing the Information Ocean with Awareness of Currents:
               Discovery and Application of Source Dependence},
  booktitle = {CIDR},
  year      = {2009}
}

@inproceedings{datahub,
title={DataHub: Collaborative Data Science \& Dataset Version Management at Scale},
  author={Bhardwaj, Anant and Bhattacherjee, Souvik and Chavan, Amit and Deshpande, Amol and Elmore, Aaron J and Madden, Samuel and Parameswaran, Aditya G},
  booktitle = {CIDR},
  year      = {2015}
}

@article{bhardwaj2014datahub,
  title={DataHub: Collaborative Data Science \& Dataset Version Management at Scale},
  author={Bhardwaj, Anant and Bhattacherjee, Souvik and Chavan, Amit and Deshpande, Amol and Elmore, Aaron J and Madden, Samuel and Parameswaran, Aditya G},
  journal={arXiv preprint arXiv:1409.0798},
  year={2014}
}

@article{yin:2008,
 author = {Yin, Xiaoxin and Han, Jiawei and Yu, Philip S.},
 title = {Truth Discovery with Multiple Conflicting Information Providers on the Web},
 journal = {IEEE Trans. on Knowl. and Data Eng.},
 issue_date = {June 2008},
 volume = {20},
 number = {6},
 month = jun,
 year = {2008},
 issn = {1041-4347},
 pages = {796--808},
 numpages = {13},
 publisher = {IEEE Educational Activities Department}
} 

@article{dong:2009,
 author = {Dong, Xin Luna and Berti-Equille, Laure and Srivastava, Divesh},
 title = {Integrating Conflicting Data: The Role of Source Dependence},
 journal = {Proc. VLDB Endow.},
 issue_date = {August 2009},
 volume = {2},
 number = {1},
 month = aug,
 year = {2009},
 issn = {2150-8097},
 pages = {550--561},
 numpages = {12},
 publisher = {VLDB Endowment}
} 

@inproceedings{sarma:2011,
 author = {Sarma, Anish Das and Dong, Xin Luna and Halevy, Alon},
 title = {Data Integration with Dependent Sources},
 booktitle = {Proceedings of the 14th International Conference on Extending Database Technology},
 series = {EDBT/ICDT '11},
 year = {2011},
 isbn = {978-1-4503-0528-0},
 location = {Uppsala, Sweden},
 pages = {401--412},
 numpages = {12},
 publisher = {ACM}
} 

@article{DalviSuciu,
 author = {Dalvi, Nilesh and Suciu, Dan},
 title = {Efficient Query Evaluation on Probabilistic Databases},
 journal = {The VLDB Journal},
 issue_date = {October   2007},
 volume = {16},
 number = {4},
 month = oct,
 year = {2007},
 issn = {1066-8888},
 pages = {523--544},
 numpages = {22},
 publisher = {Springer-Verlag New York, Inc.}
} 

@inproceedings{Sanner,
 author = {Sanner, Scott and McAllester, David},
 title = {Affine Algebraic Decision Diagrams (AADDs) and Their Application to Structured Probabilistic Inference},
 booktitle = {Proceedings of the 19th International Joint Conference on Artificial Intelligence},
 series = {IJCAI'05},
 year = {2005},
 location = {Edinburgh, Scotland},
 pages = {1384--1390},
 numpages = {7},
 publisher = {Morgan Kaufmann Publishers Inc.}
} 


@inproceedings{Fink:2011,
  author    = {Robert Fink and
               Dan Olteanu and
               Swaroop Rath},
  title     = {Providing support for full relational algebra in probabilistic
               databases},
  booktitle = {ICDE},
  year      = {2011},
  pages     = {315-326}
}

@inproceedings{Zhang:1999,
 author = {Zhang, Nevin L. and Poole, David},
 title = {On the role of context-specific independence in probabilistic inference},
 booktitle = {IJCAI},
 year = {1999}
} 


@inproceedings{Zhang:1999:,
 author = {Zhang, Nevin L. and Poole, David},
 title = {On the Role of Context-specific Independence in Probabilistic Inference},
 booktitle = {Proceedings of the 16th International Joint Conference on Artificial Intelligence - Volume 2},
 series = {IJCAI'99},
 year = {1999},
 location = {Stockholm, Sweden},
 pages = {1288--1293},
 numpages = {6},
 publisher = {Morgan Kaufmann Publishers Inc.}
} 

@inproceedings{SenICDE07,
  author    = {Prithviraj Sen and
               Amol Deshpande},
  title     = {Representing and Querying Correlated Tuples in Probabilistic
               Databases},
  booktitle = {ICDE},
  year      = {2007},
  pages     = {596-605}
}

@Article{Sen.Journal,
	author = "Prithviraj Sen and Amol Deshpande and Lise Getoor",
	title = "{PrDB}: managing and exploiting rich correlations in probabilistic databases",
	journal = "VLDB Journal, special issue on uncertain and probabilistic databases",
	volume = "18",
	number = "5",
	year = "2009"
}

@InProceedings{ Darwiche01alogical,
	author = "Adnan Darwiche",
	title = "A Logical Approach for Factoring Belief Networks",
	booktitle = "Proceedings of the Eights International Conference on Principles
               and Knowledge Representation and Reasoning",
	publisher = {Morgan Kaufmann},
	year = "2001"
}

@article{ChavProbInference,
 author = {Chavira, Mark and Darwiche, Adnan},
 title = {On Probabilistic Inference by Weighted Model Counting},
 journal = {Artif. Intell.},
 issue_date = {April, 2008},
 volume = {172},
 number = {6-7},
 month = apr,
 year = {2008},
 issn = {0004-3702},
 pages = {772--799},
 numpages = {28},
 publisher = {Elsevier Science Publishers Ltd.}
} 

@InProceedings{ ChaviraEvidence,
	AUTHOR = "Mark Chavira and David Allen and Adnan Darwiche",
	TITLE = "Exploiting Evidence in Probabilistic Inference",
	BOOKTITLE = "UAI",
	YEAR = "2005",
  pages     = {112-127},
}


@InProceedings{ Gogate_formula-basedprobabilistic,
	author = "Vibhav Gogate and Pedro Domingos",
	title = "Formula-Based Probabilistic Inference",
	booktitle = "UAI",
	year = "2010",
	pages     = {210-219}
}

@inproceedings{PipaDecomp,
 author = {Pipatsrisawat, Knot and Darwiche, Adnan},
 title = {On Decomposability and Interaction Functions},
 booktitle = {Proceedings of the 2010 Conference on ECAI 2010: 19th European Conference on Artificial Intelligence},
 year = {2010},
 isbn = {978-1-60750-605-8},
 pages = {9--14},
 numpages = {6},
 publisher = {IOS Press}
} 

@Book{ DarwicheBook,
	author = "Adnan Darwiche",
	title = "Modeling and Reasoning with {Bayesian} Networks",
	year = "2009",
	publisher = "Cambridge University Press"
}


@Article{ DarwicheConditioning,
	author = "Adnan Darwiche",
	title = "Recursive conditioning",
	journal = "Artif. Intell.",
	volume = "126",
	number = "1-2",
	year = "2001",
	pages     = {5-41}
}

@Article{ SenPrDB,
	author = "Prithviraj Sen and Amol Deshpande and Lise Getoor",
	title = "{PrDB}: managing and exploiting rich correlations in probabilistic databases",
	journal = "The VLDB Journal",
	volume = "18",
	issue = "5",
	year = "2009"
}

@Book{ KollerFriedman,
	title = "Probabilistic Graphical Models: Principles and Techniques",
	author = "D. Koller and N. Friedman",
	year = 2009,
	publisher = "MIT Press"
}


@inproceedings{Chavira2007,
 author = {Chavira, Mark and Darwiche, Adnan},
 title = {Compiling Bayesian Networks Using Variable Elimination},
 booktitle = {Proceedings of the 20th International Joint Conference on Artifical Intelligence},
 series = {IJCAI'07},
 year = {2007},
 location = {Hyderabad, India},
 pages = {2443--2449},
 numpages = {7},
 publisher = {Morgan Kaufmann Publishers Inc.}
} 

@inproceedings{Chavira2005,
 author = {Chavira, Mark and Darwiche, Adnan},
 title = {Compiling Bayesian Networks with Local Structure},
 booktitle = {Proceedings of the 19th International Joint Conference on Artificial Intelligence},
 series = {IJCAI'05},
 year = {2005},
 location = {Edinburgh, Scotland},
 pages = {1306--1312},
 numpages = {7},
 publisher = {Morgan Kaufmann Publishers Inc.}
} 

@article{Darwiche2003,
 author = {Darwiche, Adnan},
 title = {A Differential Approach to Inference in Bayesian Networks},
 journal = {J. ACM},
 issue_date = {May 2003},
 volume = {50},
 number = {3},
 month = may,
 year = {2003},
 issn = {0004-5411},
 pages = {280--305},
 numpages = {26},
 publisher = {ACM}
} 


@inproceedings{Dalvi2007,
 author = {Dalvi, Nilesh and Suciu, Dan},
 title = {The Dichotomy of Conjunctive Queries on Probabilistic Structures},
 booktitle = {Proceedings of the Twenty-sixth ACM SIGMOD-SIGACT-SIGART Symposium on Principles of Database Systems},
 series = {PODS '07},
 year = {2007},
 isbn = {978-1-59593-685-1},
 location = {Beijing, China},
 pages = {293--302},
 numpages = {10},
 publisher = {ACM}
} 

@inproceedings{Dalvi_2007_MPD,
 author = {Dalvi, Nilesh and Suciu, Dan},
 title = {Management of Probabilistic Data: Foundations and Challenges},
 booktitle = {Proceedings of the Twenty-sixth ACM SIGMOD-SIGACT-SIGART Symposium on Principles of Database Systems},
 series = {PODS '07},
 year = {2007},
 isbn = {978-1-59593-685-1},
 location = {Beijing, China},
 pages = {1--12},
 numpages = {12},
 publisher = {ACM}
} 

@inproceedings{Koch_2008_approx,
 author = {Koch, Christoph},
 title = {Approximating Predicates and Expressive Queries on Probabilistic Databases},
 booktitle = {Proceedings of the Twenty-seventh ACM SIGMOD-SIGACT-SIGART Symposium on Principles of Database Systems},
 series = {PODS '08},
 year = {2008},
 isbn = {978-1-60558-152-1},
 location = {Vancouver, Canada},
 pages = {99--108},
 numpages = {10},
 publisher = {ACM}
} 

@InProceedings{ Olteanu_approx,
	author = "Dan Olteanu and Jiewen Huang and Christoph Koch",
	title = "Approximate Confidence Computation in Probabilistic Databases",
	series = "ICDE",
	pages     = {145-156},
	year = "2010"
}

@inproceedings{Dalvi:2010,
 author = {Dalvi, Nilesh and Schnaitter, Karl and Suciu, Dan},
 title = {Computing Query Probability with Incidence Algebras},
 booktitle = {Proceedings of the Twenty-ninth ACM SIGMOD-SIGACT-SIGART Symposium on Principles of Database Systems},
 series = {PODS '10},
 year = {2010},
 isbn = {978-1-4503-0033-9},
 location = {Indianapolis, Indiana, USA},
 pages = {203--214},
 numpages = {12},
 publisher = {ACM}
} 

@article{Sen:2010,
 author = {Sen, Prithviraj and Deshpande, Amol and Getoor, Lise},
 title = {Read-once Functions and Query Evaluation in Probabilistic Databases},
 journal = {Proc. VLDB Endow.},
 issue_date = {September 2010},
 volume = {3},
 number = {1-2},
 month = sep,
 year = {2010},
 issn = {2150-8097},
 pages = {1068--1079},
 numpages = {12},
 publisher = {VLDB Endowment}
} 


@inproceedings{Olteanu:2009:Sprout,
 author = {Olteanu, Dan and Huang, Jiewen and Koch, Christoph},
 title = {{SPROUT}: Lazy vs. Eager Query Plans for Tuple-Independent Probabilistic Databases},
 booktitle = {Proceedings of the 2009 IEEE International Conference on Data Engineering},
 series = {ICDE '09},
 year = {2009},
 isbn = {978-0-7695-3545-6},
 pages = {640--651},
 numpages = {12},
 publisher = {IEEE Computer Society}
} 

@InProceedings{ Dalvi:2010Algebras,
 author = {Dalvi, Nilesh and Schnaitter, Karl and Suciu, Dan},
 title = {Computing Query Probability with Incidence Algebras},
 booktitle = {Proceedings of the Twenty-ninth ACM SIGMOD-SIGACT-SIGART Symposium on Principles of Database Systems},
 series = {PODS '10},
 year = {2010},
 isbn = {978-1-4503-0033-9},
 location = {Indianapolis, Indiana, USA},
 pages = {203--214},
 numpages = {12},
 publisher = {ACM}
} 

@article{ChaviraIjar2006,
 author = {Chavira, Mark and Darwiche, Adnan and Jaeger, Manfred},
 title = {Compiling Relational Bayesian Networks for Exact Inference},
 journal = {Int. J. Approx. Reasoning},
 issue_date = {May, 2006},
 volume = {42},
 number = {1-2},
 month = may,
 year = {2006},
 issn = {0888-613X},
 pages = {4--20},
 numpages = {17},
 publisher = {Elsevier Science Inc.}
} 

@InProceedings{ Olteanu:2008,
	author = "Dan Olteanu and Jiewen Huang",
	title = "Using {OBDDs} for Efficient Query Evaluation on Probabilistic Databases",
	booktitle = "Proceedings of Second International Conference on Scalable Uncertainty Management",
	series = {SUM},
	year = "2008"
}

@InProceedings{ Bahar:1993,
	author = "R. Iris Bahar and Erica A. Frohm and Charles M. Gaona and Gary D. Hachtel and Enrico Macii and Abelardo Pardo and Fabio Somenzi",
	title = "Algebraic decision diagrams and their applications",
	booktitle = "ICCAD",
	year = "1993"
}

@article{DalviDiamonds,
 author = {Dalvi, Nilesh and R{\'e}, Christopher and Suciu, Dan},
 title = {Probabilistic Databases: Diamonds in the Dirt},
 journal = {Commun. ACM},
 issue_date = {July 2009},
 volume = {52},
 number = {7},
 month = jul,
 year = {2009},
 issn = {0001-0782},
 pages = {86--94},
 numpages = {9},
 publisher = {ACM}
} 

@inproceedings{Jha:2011,
 author = {Jha, Abhay and Suciu, Dan},
 title = {Knowledge Compilation Meets Database Theory: Compiling Queries to Decision Diagrams},
 booktitle = {Proceedings of the 14th International Conference on Database Theory},
 series = {ICDT '11},
 year = {2011},
 isbn = {978-1-4503-0529-7},
 location = {Uppsala, Sweden},
 pages = {162--173},
 numpages = {12},
 publisher = {ACM}
} 

@Book{ advBDD,
	author = "Ruediger Ebendt and Goeschwin Fey and Rolf Drechsler",
	title = "Advanced BDD Optimization",
	publisher = {Springer},
	year = "2005"
}

@article{Bollig:1996,
 author = {Bollig, Beate and Wegener, Ingo},
 title = {Improving the Variable Ordering of OBDDs Is NP-Complete},
 journal = {IEEE Trans. Comput.},
 issue_date = {September 1996},
 volume = {45},
 number = {9},
 month = sep,
 year = {1996},
 issn = {0018-9340},
 pages = {993--1002},
 numpages = {10},
 publisher = {IEEE Computer Society}
} 

@InProceedings{mantadelis,
 author = {Mantadelis, Theofrastos and Rocha, Ricardo and Kimmig, Angelika and Janssens, Gerda},
 title = {Preprocessing boolean formulae for BDDs in a probabilistic context},
 booktitle = {JELIA},
 year = {2010},
} 

@InProceedings{Boutilier:UAI96,
  author =       "C. Boutilier and N. Friedman and M. Goldszmidt and D. Koller",
  booktitle =    "UAI",
  title =        "Context-specific independence in {B}ayesian networks",
  year =         "1996",
  pages = {115--123}
}

@Book{Pearl,
 author = {Pearl, Judea},
 title = {Probabilistic reasoning in intelligent systems: networks of plausible inference},
 year = {1988},
 isbn = {0-934613-73-7},
 publisher = {Morgan Kaufmann Publishers Inc.}
} 

@article{Bryant92,
 author = {Bryant, Randal E.},
 title = {Symbolic Boolean Manipulation with Ordered Binary-decision Diagrams},
 journal = {ACM Comput. Surv.},
 issue_date = {Sept. 1992},
 volume = {24},
 number = {3},
 month = sep,
 year = {1992},
 issn = {0360-0300},
 pages = {293--318},
 numpages = {26},
 publisher = {ACM}
} 

@inproceedings{Dechter96,
  author    = {Rina Dechter},
  title     = {Bucket elimination: A unifying framework for probabilistic inference},
  booktitle = {UAI},
  year      = {1996},
  pages = {211--219}
}

@misc{CUDD,
  author={Fabio Somenzi},
  title={CUDD: CU Decision Diagram Package},
  howpublished= "\url{http://vlsi.colorado.edu/ fabio/CUDD/}"
}

@InCollection{chapter08,
  author       = "Deshpande, Amol and Getoor, Lise and Sen, Prithviraj",
  title        = "Graphical Models for Uncertain Data",
  booktitle    = "Managing and Mining Uncertain Data",
  year         = "2009",
  editor       = "C. Aggarwal",
  publisher    = "Springer",
}

@inproceedings{jayram:ieeebulletin06,
author = "T. S. Jayram and Rajasekar Krishnamurthy and Sriram Raghavan and Shivakumar Vaithyanathan and Huaiyu Zhu",
title = "Avatar Information Extraction System",
booktitle = "IEEE Data Engineering Bulletin", 
year = "2006"
}

@inproceedings{deshpande:vldb04,
 author = {Deshpande, Amol and Guestrin, Carlos and Madden, Samuel R. and Hellerstein, Joseph M. and Hong, Wei},
 title = {Model-driven Data Acquisition in Sensor Networks},
 booktitle = {Proceedings of the Thirtieth International Conference on Very Large Data Bases - Volume 30},
 series = {VLDB '04},
 year = {2004},
 isbn = {0-12-088469-0},
 location = {Toronto, Canada},
 pages = {588--599},
 numpages = {12},
 publisher = {VLDB Endowment}
} 

@article{kumar:vldb12,
 author = {Kumar, Arun and R{\'e}, Christopher},
 title = {Probabilistic Management of OCR Data Using an RDBMS},
 journal = {Proc. VLDB Endow.},
 issue_date = {December 2011},
 volume = {5},
 number = {4},
 month = dec,
 year = {2011},
 issn = {2150-8097},
 pages = {322--333},
 numpages = {12},
 publisher = {VLDB Endowment}
} 

@inproceedings{benjelloun:vldb06,
title = "{ULDBs}: Databases with Uncertainty and Lineage",
author = "Omar Benjelloun and Anish {Das Sarma} and Alon Halevy and Jennifer Widom",
booktitle = {Proceedings of the 32Nd International Conference on Very Large Data Bases},
 series = {VLDB '06},
 year = {2006},
 location = {Seoul, Korea},
 pages = {953--964},
 numpages = {12},
 publisher = {VLDB Endowment}
}

@inproceedings{boulos:sigmod05,
 author = {Boulos, Jihad and Dalvi, Nilesh and Mandhani, Bhushan and Mathur, Shobhit and Re, Chris and Suciu, Dan},
 title = {{MYSTIQ}: A System for Finding More Answers by Using Probabilities},
 booktitle = {Proceedings of the 2005 ACM SIGMOD International Conference on Management of Data},
 series = {SIGMOD '05},
 year = {2005},
 isbn = {1-59593-060-4},
 location = {Baltimore, Maryland},
 pages = {891--893},
 numpages = {3},
 publisher = {ACM}
} 

@article{lakshmanan:tods97,
 author = {Lakshmanan, Laks V. S. and Leone, Nicola and Ross, Robert and Subrahmanian, V. S.},
 title = {{ProbView}: A Flexible Probabilistic Database System},
 journal = {ACM Trans. Database Syst.},
 issue_date = {Sept. 1997},
 volume = {22},
 number = {3},
 month = sep,
 year = {1997},
 issn = {0362-5915},
 pages = {419--469},
 numpages = {51},
 publisher = {ACM}
} 
 
 
@article{fuhr:is97:PRA:239041.239045,
 author = {Fuhr, Norbert and R\"{o}lleke, Thomas},
 title = {A Probabilistic Relational Algebra for the Integration of Information Retrieval and Database Systems},
 journal = {ACM Trans. Inf. Syst.},
 issue_date = {Jan. 1997},
 volume = {15},
 number = {1},
 month = jan,
 year = {1997},
 issn = {1046-8188},
 pages = {32--66},
 numpages = {35},
 publisher = {ACM}
} 

@article{wang:vldb08,
  author    = {Daisy Zhe Wang and
               Eirinaios Michelakis and
               Minos N. Garofalakis and
               Joseph M. Hellerstein},
  title     = {{BayesStore}: managing large, uncertain data repositories
               with probabilistic graphical models},
  journal   = {PVLDB},
  volume    = {1},
  number    = {1},
  year      = {2008},
  pages     = {340-351}
}

@article{wick:vldb10:SPD:1920841.1920942,
 author = {Wick, Michael and McCallum, Andrew and Miklau, Gerome},
 title = {Scalable Probabilistic Databases with Factor Graphs and MCMC},
 journal = {Proc. VLDB Endow.},
 issue_date = {September 2010},
 volume = {3},
 number = {1-2},
 month = sep,
 year = {2010},
 issn = {2150-8097},
 pages = {794--804},
 numpages = {11},
 publisher = {VLDB Endowment}
} 

@book{suciu:2011,
    author    = {Dan Suciu and
        Dan Olteanu and
            Christopher R{\'e} and
            Christoph Koch},
    title     = {Probabilistic Databases},
    booktitle = {Probabilistic Databases},
    publisher = {Morgan {\&} Claypool},
    series    = {Synthesis Lectures on Data Management},
    year      = {2011},
}

@inproceedings{kanagal:sigmod10,
 author = {Kanagal, Bhargav and Deshpande, Amol},
 title = {Lineage Processing over Correlated Probabilistic Databases},
 booktitle = {Proceedings of the 2010 ACM SIGMOD International Conference on Management of Data},
 series = {SIGMOD '10},
 year = {2010},
 isbn = {978-1-4503-0032-2},
 location = {Indianapolis, Indiana, USA},
 pages = {675--686},
 numpages = {12},
 publisher = {ACM}
} 

@inproceedings{Jha:2010,
 author = {Jha, Abhay and Olteanu, Dan and Suciu, Dan},
 title = {Bridging the gap between intensional and extensional query evaluation in probabilistic databases},
 booktitle = {EDBT},
 year = {2010}
} 


@inproceedings{Dong:2007,
 author = {Dong, Xin and Halevy, Alon Y. and Yu, Cong},
 title = {Data Integration with Uncertainty},
 booktitle = {Proceedings of the 33rd International Conference on Very Large Data Bases},
 series = {VLDB '07},
 year = {2007},
 isbn = {978-1-59593-649-3},
 location = {Vienna, Austria},
 pages = {687--698},
 numpages = {12},
 publisher = {VLDB Endowment}
}

@INPROCEEDINGS{re:2007,
    author = {Christopher Re and Nilesh Dalvi and Dan Suciu},
    title = {Efficient top-k query evaluation on probabilistic data},
    booktitle = {Proceedings of the 23rd International Conference on Data
               Engineering, ICDE},
     series = {ICDE},
  publisher = {IEEE},
    year = {2007}
}

@inproceedings{Lowd:2008,
  author = {Lowd, Daniel and Domingos, Pedro},
  booktitle = {UAI},
  title = {Learning Arithmetic Circuits},
  year = 2008
}

@inproceedings{Poon:2011,
  author = {Poon, Hoifung and Domingos, Pedro},
  booktitle = { Proceedings of the Twenty-Seventh Conference on
               Uncertainty in Artificial Intelligence},
  series = {UAI},
  title = {Sum-Product Networks: A New Deep Architecture},
  year = 2011
}

@inproceedings{Kanagal:sigmod09,
 author = {Kanagal, Bhargav and Deshpande, Amol},
 title = {Indexing Correlated Probabilistic Databases},
 booktitle = {Proceedings of the 2009 ACM SIGMOD International Conference on Management of Data},
 series = {SIGMOD '09},
 year = {2009},
 isbn = {978-1-60558-551-2},
 location = {Providence, Rhode Island, USA},
 pages = {455--468},
 numpages = {14},
 publisher = {ACM}
} 


@inproceedings{Green:2006,
 author = {Green, Todd J. and Tannen, Val},
 title = {Models for Incomplete and Probabilistic Information},
 booktitle = {Proceedings of the 2006 International Conference on Current Trends in Database Technology},
 series = {EDBT'06},
 year = {2006},
 isbn = {3-540-46788-2, 978-3-540-46788-5},
 location = {Munich, Germany},
 pages = {278--296},
 numpages = {19},
 publisher = {Springer-Verlag}
} 

@inproceedings{rekatsinas:2012,
 author = {Rekatsinas, Theodoros and Deshpande, Amol and Getoor, Lise},
 title = {Local Structure and Determinism in Probabilistic Databases},
 booktitle = {Proceedings of the 2012 ACM SIGMOD International Conference on Management of Data},
 series = {SIGMOD '12},
 year = {2012},
 isbn = {978-1-4503-1247-9},
 location = {Scottsdale, Arizona, USA},
 pages = {373--384},
 numpages = {12},
 publisher = {ACM}
} 

@inproceedings{rekatsinas:2014,
 author = {Rekatsinas, Theodoros and Dong, Xin Luna and Srivastava, Divesh},
 title = {Characterizing and Selecting Fresh Data Sources},
 booktitle = {Proceedings of the 2014 ACM SIGMOD International Conference on Management of Data},
 series = {SIGMOD '14},
 year = {2014},
 isbn = {978-1-4503-2376-5},
 location = {Snowbird, Utah, USA},
 pages = {919--930},
 numpages = {12},
 publisher = {ACM}
} 


@inproceedings{rekatsinas:2014:icdm,
 author = {Rekatsinas, Theodoros and Ghosh, Saurav and Mekaru, Sumiko and Nsoesie, Elaine and Brownstein, John and Getoor, Lise and Ramakrishnan, Naren},
 title = {SourceSeer: Forecasting Rare Disease Outbreaks Using Multiple Data Sources},
 booktitle = {In Submission to the IEEE International Conference on Data Mining},
 series = {ICDM},
 year = {2014}
} 

@article{darwiche:2004,
  title={Compiling propositional weighted bases},
  author={Darwiche, Adnan and Marquis, Pierre},
  journal={Artificial Intelligence},
  volume={157},
  number={1},
  pages={81--113},
  year={2004},
  publisher={Elsevier}
}

@inproceedings{franklin:2011,
 author = {Franklin, Michael J. and Kossmann, Donald and Kraska, Tim and Ramesh, Sukriti and Xin, Reynold},
 title = {CrowdDB: Answering Queries with Crowdsourcing},
 booktitle = {Proceedings of the 2011 ACM SIGMOD International Conference on Management of Data},
 series = {SIGMOD '11},
 year = {2011},
 isbn = {978-1-4503-0661-4},
 location = {Athens, Greece},
 pages = {61--72},
 numpages = {12}
} 


@inproceedings{marcus:2011,
  author    = {Adam Marcus and
               Eugene Wu and
               Samuel Madden and
               Robert C. Miller},
  title     = {Crowdsourced Databases: Query Processing with People},
  booktitle = {CIDR},
  year      = {2011},
  pages     = {211-214}
}

@inproceedings{franklin:2013,
 author = {Franklin, Michael J. and Trushkowsky, Beth and Sarkar, Purnamrita and Kraska, Tim},
 title = {Crowdsourced Enumeration Queries},
 booktitle = {Proceedings of the 2013 IEEE International Conference on Data Engineering (ICDE 2013)},
 series = {ICDE '13},
 year = {2013},
 isbn = {978-1-4673-4909-3},
 pages = {673--684},
 numpages = {12}
} 

@incollection{kim:2012,
year={2012},
isbn={978-3-642-32540-3},
booktitle={Knowledge Management and Acquisition for Intelligent Systems},
volume={7457},
series={Lecture Notes in Computer Science},
title={Crowd-Sourced Knowledge Bases},
author={Kim, YangSok and Kang, ByeongHo and Ryu, SeungHwan and Compton, Paul and Han, SoyeonCaren and Menzies, Tim},
pages={258-271}
}

@inproceedings{park:2014,
 author = {Park, Hyunjung and Widom, Jennifer},
 title = {CrowdFill: Collecting Structured Data from the Crowd},
 booktitle = {Proceedings of the 2014 ACM SIGMOD International Conference on Management of Data},
 series = {SIGMOD '14},
 year = {2014},
 isbn = {978-1-4503-2376-5},
 location = {Snowbird, Utah, USA},
 pages = {577--588},
 numpages = {12}
} 

@article{kschischang:2006,
 author = {Kschischang, F. R. and Frey, B. J. and Loeliger, H. -A.},
 title = {Factor Graphs and the Sum-product Algorithm},
 journal = {IEEE Trans. Inf. Theor.},
 issue_date = {February 2001},
 volume = {47},
 number = {2},
 month = sep,
 year = {2006},
 pages = {498--519}
} 


@article{dunn,
    author = {Dunn Halbert, L.},
    journal = {American Journal of Public Health},
    month = {Jan.},
    number = {1},
    pages = {1412--1416},
    publisher = {Pan American Health Organization (PAHO)},
    title = {{Record Linkage}},
    volume = {36},
    year = {1946}
}

@article{fellegi,
  author = {Fellegi, I. P. and Sunter, A. B.},
  journal = {Journal of the American Statistical Association},
  pages = {1183--1210},
  title = {A Theory for Record Linkage},
  volume = 64,
  year = 1969
}

@inproceedings{Chaudhuri:2003,
 author = {Chaudhuri, Surajit and Ganjam, Kris and Ganti, Venkatesh and Motwani, Rajeev},
 title = {Robust and Efficient Fuzzy Match for Online Data Cleaning},
 booktitle = {Proceedings of the 2003 ACM SIGMOD International Conference on Management of Data},
 series = {SIGMOD '03},
 year = {2003},
 isbn = {1-58113-634-X},
 location = {San Diego, California},
 pages = {313--324},
 numpages = {12}},
 publisher = {ACM}
} 

@inproceedings{Cohen:2003,
  author    = {William W. Cohen and
               Pradeep D. Ravikumar and
               Stephen E. Fienberg},
  title     = {A Comparison of String Distance Metrics for Name-Matching
               Tasks},
  booktitle = {IIWeb},
  year      = {2003},
  pages     = {73-78}
}

@inproceedings{Bilenko:2003,
 author = {Bilenko, Mikhail and Mooney, Raymond J.},
 title = {Adaptive Duplicate Detection Using Learnable String Similarity Measures},
 booktitle = {Proceedings of the Ninth ACM SIGKDD International Conference on Knowledge Discovery and Data Mining},
 series = {KDD '03},
 year = {2003},
 isbn = {1-58113-737-0},
 location = {Washington, D.C.},
 pages = {39--48},
 numpages = {10},
 publisher = {ACM}
} 

@article{Bhattacharya:2007,
 author = {Bhattacharya, Indrajit and Getoor, Lise},
 title = {Collective Entity Resolution in Relational Data},
 journal = {ACM Trans. Knowl. Discov. Data},
 issue_date = {March 2007},
 volume = {1},
 number = {1},
 month = mar,
 year = {2007},
 issn = {1556-4681},
 publisher = {ACM}
} 

@inproceedings{Bhattacharya:2004,
 author = {Bhattacharya, Indrajit and Getoor, Lise},
 title = {Iterative Record Linkage for Cleaning and Integration},
 booktitle = {Proceedings of the 9th ACM SIGMOD Workshop on Research Issues in Data Mining and Knowledge Discovery},
 series = {DMKD '04},
 year = {2004},
 isbn = {1-58113-908-X},
 location = {Paris, France},
 pages = {11--18},
 numpages = {8},
 publisher = {ACM}
} 

@inproceedings{McCallum:2000,
 author = {McCallum, Andrew and Nigam, Kamal and Ungar, Lyle H.},
 title = {Efficient Clustering of High-dimensional Data Sets with Application to Reference Matching},
 booktitle = {Proceedings of the Sixth ACM SIGKDD International Conference on Knowledge Discovery and Data Mining},
 series = {KDD '00},
 year = {2000},
 isbn = {1-58113-233-6},
 location = {Boston, Massachusetts, USA},
 pages = {169--178},
 numpages = {10},
 publisher = {ACM}
} 

@inproceedings{PARAG_2004,
    author = {Singla Parag and Domingos, Pedro},
    booktitle = {KDD Workshop on Multi-Relational Data Mining},
    citeulike-article-id = {4363688},
    keywords = {relational\_clustering, statistical-relational-learning},
    posted-at = {2009-04-18 21:44:57},
    priority = {2},
    title = {{Multi-Relational Record Linkage}},
    year = {2004}
}

@inproceedings{Florescu:1997,
 author = {Florescu, Daniela and Koller, Daphne and Levy, Alon Y.},
 title = {Using Probabilistic Information in Data Integration},
 booktitle = {Proceedings of the 23rd International Conference on Very Large Data Bases},
 series = {VLDB '97},
 year = {1997},
 isbn = {1-55860-470-7},
 pages = {216--225},
 numpages = {10},
 publisher = {Morgan Kaufmann Publishers Inc.}
} 

@article{Gal:2006,
 author = {Gal, Avigdor},
 title = {Why is Schema Matching Tough and What Can We Do About It?},
 journal = {SIGMOD Rec.},
 issue_date = {December 2006},
 volume = {35},
 number = {4},
 month = dec,
 year = {2006},
 issn = {0163-5808},
 pages = {2--5},
 numpages = {4},
 publisher = {ACM}
} 

@inproceedings{Magnani:2007,
  author    = {Matteo Magnani and
               Danilo Montesi},
  title     = {Uncertainty in data integration: current approaches and
               open problems},
  booktitle = {MUD},
  year      = {2007},
  pages     = {18-32}
}

@inproceedings{gonzalez:2010,
  author    = {Hector Gonzalez and
               Alon Y. Halevy and
               Christian S. Jensen and
               Anno Langen and
               Jayant Madhavan and
               Rebecca Shapley and
               Warren Shen},
  title     = {Google fusion tables: data management, integration and collaboration
               in the cloud},
  booktitle = {Proceedings of the 1st {ACM} Symposium on Cloud Computing, SoCC 2010,
               Indianapolis, Indiana, USA, June 10-11, 2010},
  pages     = {175--180},
  year      = {2010}
}

@inproceedings{prasang:14,
 author = {Upadhyaya, Prasang and Unutzer, Martina and Balazinska, Magdalena and Suciu, Dan and Hacigumus, Hakan},
 title = {Affordable Analytics on Expensive Data},
 booktitle = {Proceedings of the First International Workshop on Bringing the Value of "Big Data" to Users (Data4U 2014)},
 series = {Data4U '14},
 year = {2014}
} 


@inproceedings{Lenzerini:2002,
 author = {Lenzerini, Maurizio},
 title = {Data Integration: A Theoretical Perspective},
 booktitle = {Proceedings of the Twenty-first ACM SIGMOD-SIGACT-SIGART Symposium on Principles of Database Systems},
 series = {PODS '02},
 year = {2002},
 isbn = {1-58113-507-6},
 location = {Madison, Wisconsin},
 pages = {233--246},
 numpages = {14},
 publisher = {ACM}
} 

@article{bronzi:2013,
  author    = {Mirko Bronzi and
               Valter Crescenzi and
               Paolo Merialdo and
               Paolo Papotti},
  title     = {Extraction and Integration of Partially Overlapping Web
               Sources},
  journal   = {PVLDB},
  volume    = {6},
  number    = {10},
  year      = {2013},
  pages     = {805-816}
}


@article{keneshloo:2014,
  title={Detecting and Forecasting Domestic Political Crises: A Graph-based Approach},
  author={Keneshloo, Yaser and Cadena, Jose and Korkmaz, Gizem and Ramakrishnan, Naren},
  year={2014}
}


@inproceedings{keneshloo:2014,
 author = {Keneshloo, Yaser and Cadena, Jose and Korkmaz, Gizem and Ramakrishnan, Naren},
 title = {Detecting and Forecasting Domestic Political Crises: A Graph-based Approach},
 booktitle = {Proceedings of the 2014 ACM Conference on Web Science},
 series = {WebSci '14},
 year = {2014},
 pages = {192--196}
} 


@article{schutte:2014,
  title={Matched wake analysis: finding causal relationships in spatiotemporal event data},
  author={Schutte, Sebastian and Donnay, Karsten},
  journal={Political Geography},
  volume={41},
  pages={1--10},
  year={2014},
  publisher={Elsevier}
}

@misc{trendspottr,
 title = {Trendsporttr},
 howpublished = {\url{http://trendspottr.com}}
}  

@misc{datasift,
 title = {Datasift},
 howpublished = {\url{http://datasift.com}}
}  

@misc{spotlight,
 title = {DBpedia Spotlight},
 howpublished = {\url{https://github.com/dbpedia-spotlight/}}
}  

@article{limaye:2010,
  author    = {Girija Limaye and
               Sunita Sarawagi and
               Soumen Chakrabarti},
  title     = {Annotating and Searching Web Tables Using Entities, Types
               and Relationships},
  journal   = {PVLDB},
  volume    = {3},
  number    = {1},
  year      = {2010},
  pages     = {1338-1347}
}

@inproceedings{fan:2014,
  author    = {Ju Fan and
               Meiyu Lu and
               Beng Chin Ooi and
               Wang-Chiew Tan and
               Meihui Zhang},
  title     = {A hybrid machine-crowdsourcing system for matching web tables},
  booktitle = {ICDE},
  year      = {2014},
  pages     = {976-987}
}

@inproceedings{sdm:2013,
author = {Balasubramanyan, Ramnath and Cohen, William W},
booktitle = {SDM},
pages = {414--422},
title = {Regularization of Latent Variable Models to Obtain Sparsity.},
year = {2013}
}

@article{elidan:2005,
author = {Elidan, Gal and Friedman, Nir},
journal = {J. Mach. Learn. Res.},
pages = {81--127},
publisher = {JMLR},
title = {{Learning Hidden Variable Networks: The Information Bottleneck Approach}},
volume = {6},
year = {2005}
}

@book{getoor:2007,
author = {Getoor, Lise and Taskar, Ben},
booktitle = {Introduction to Statistical Relational Learning},
chapter = {5},
publisher = {The MIT Press},
title = {{Probabilistic Relational Models}},
year = {2007}
}

@INPROCEEDINGS{stephen:2004,
    author = {Elena Erosheva Stephen and Stephen Fienberg and John Lafferty},
    title = {Mixed Membership Models of Scientific Publications},
    booktitle = {Proceedings of the National Academy of Sciences},
    year = {2004}
}

@article{wilson:2001,
    author = {Wilson, Benjamin and Cappelleri, David and Simpson, Timothy W. and Frecker, Mary},
    journal = {Optimization and Engineering},
    keywords = {metamodel, multiobjective, optimization},
    number = {1},
    pages = {31--50},
    title = {{Efficient Pareto Frontier Exploration using Surrogate Approximations}},
    volume = {2},
    year = {2001}
}



@article{cafarella:2009,
 author = {Cafarella, Michael J. and Halevy, Alon and Khoussainova, Nodira},
 title = {Data integration for the relational web},
 journal = {PVLDB},
 issue_date = {August 2009},
 volume = {2},
 year = {2009}
} 

@article{elmeleegy:2009,
 author = {Elmeleegy, Hazem and Madhavan, Jayant and Halevy, Alon},
 title = {Harvesting relational tables from lists on the web},
 journal = {Proc. VLDB Endow.},
 issue_date = {August 2009},
 volume = {2},
 year = {2009}
}


@misc{freebase,
title = {Freebase},
howpublished = {\url{http://www.freebase.com/}}
}

@misc{yago,
title = {YAGO},
howpublished = {\url{http://www.mpi-inf.mpg.de/yago-naga/yago/}}
}

@misc{nyt,
 title = {New {Y}ork {T}imes {A}rticle {S}earch {API}},
 howpublished = {\url{http://developer.nytimes.com/docs/article_search_api}}
} 

@misc{patch,
 title = {Patch.com API},
 howpublished = {\url{http://developers.patch.com/}}
}  

@inproceedings{yakout:2012,
 author = {Yakout, Mohamed and Ganjam, Kris and Chakrabarti, Kaushik and Chaudhuri, Surajit},
 title = {InfoGather: entity augmentation and attribute discovery by holistic matching with web tables},
 booktitle = {SIGMOD},
 year = {2012}
} 


@article{oktie:13,
  author    = {Oktie Hassanzadeh and
               Ken Q. Pu and
               Soheil Hassas Yeganeh and
               Ren{\'e}e J. Miller and
               Lucian Popa and
               Mauricio A. Hern{\'a}ndez and
               Howard Ho},
  title     = {Discovering Linkage Points over Web Data},
  journal   = {PVLDB},
  volume    = {6},
  year      = {2013}
}


@inproceedings{oktie:11,
  author    = {Oktie Hassanzadeh and
               Soheil Hassas Yeganeh and
               Ren{\'e}e J. Miller},
  title     = {Linking Semistructured Data on the Web},
  booktitle = {WebDB},
  year      = {2011}
}

@inproceedings{halevy:12,
  author    = {Alon Y. Halevy},
  title     = {Towards an ecosystem of structured data on the web},
  booktitle = {EDBT},
  year      = {2012},
  pages     = {1-2}
}


@article{venetis:11,
  author    = {Petros Venetis and
               Alon Y. Halevy and
               Jayant Madhavan and
               Marius Pasca and
               Warren Shen and
               Fei Wu and
               Gengxin Miao and
               Chung Wu},
  title     = {Recovering Semantics of Tables on the Web},
  journal   = {PVLDB},
  volume    = {4},
  year      = {2011}
}


@article{rahm:01,
 author = {Rahm, Erhard and Bernstein, Philip A.},
 title = {A survey of approaches to automatic schema matching},
 journal = {The VLDB Journal},
 issue_date = {December 2001},
 volume = {10},
 number = {4},
 year = {2001}
} 


@article{getoor:12,
  author    = {Lise Getoor and
               Ashwin Machanavajjhala},
  title     = {Entity Resolution: Theory, Practice and Open Challenges},
  journal   = {PVLDB},
  volume    = {5},
  year      = {2012}
}

@article{pipino:2002,
 author = {Pipino, Leo L. and Lee, Yang W. and Wang, Richard Y.},
 title = {Data Quality Assessment},
 journal = {Commun. ACM},
 volume = {45},
 number = {4},
 year = {2002},
 pages = {211--218},
 publisher = {ACM}
} 

@inproceedings{pochampally:2014,
 author = {Pochampally, Ravali and Das Sarma, Anish and Dong, Xin Luna and Meliou, Alexandra and Srivastava, Divesh},
 title = {Fusing Data with Correlations},
 booktitle = {Proceedings of the 2014 ACM SIGMOD International Conference on Management of Data},
 series = {SIGMOD '14},
 year = {2014},
 pages = {433--444}
} 

@misc{kg,
 title = {Introducing the Knowledge Graph: Things, Not Strings},
author = {Amit Singhal},
 year = {2012},
 howpublished = {Official Blof (of Google)}
}  

@book{koller:2009,
 author = {Koller, Daphne and Friedman, Nir},
 title = {Probabilistic Graphical Models: Principles and Techniques - Adaptive Computation and Machine Learning},
 year = {2009},
 publisher = {The MIT Press}
} 

@article{godfrey:2007,
 author = {Godfrey, Parke and Shipley, Ryan and Gryz, Jarek},
 title = {Algorithms and Analyses for Maximal Vector Computation},
 journal = {The VLDB Journal},
 issue_date = {January 2007},
 volume = {16},
 number = {1},
 year = {2007},
 pages = {5--28}
} 

@inproceedings{kossmann:2002,
 author = {Kossmann, Donald and Ramsak, Frank and Rost, Steffen},
 title = {Shooting Stars in the Sky: An Online Algorithm for Skyline Queries},
 booktitle = {Proceedings of the 28th International Conference on Very Large Data Bases},
 series = {VLDB '02},
 year = {2002},
 pages = {275--286}
} 

@inproceedings{Keneshloo:2014:DFD:2615569.2615698,
 author = {Keneshloo, Yaser and Cadena, Jose and Korkmaz, Gizem and Ramakrishnan, Naren},
 title = {Detecting and Forecasting Domestic Political Crises: A Graph-based Approach},
 booktitle = {Proceedings of the 2014 ACM Conference on Web Science},
 series = {WebSci '14},
 year = {2014},
 isbn = {978-1-4503-2622-3},
 location = {Bloomington, Indiana, USA},
 pages = {192--196},
 numpages = {5},
 url = {http://doi.acm.org/10.1145/2615569.2615698},
 doi = {10.1145/2615569.2615698},
 acmid = {2615698},
 publisher = {ACM},
 address = {New York, NY, USA},
 keywords = {domestic political crises, event forecasting, gdelt, graph mining},
}

@article{smith:2009,
  author    = {Kenneth P. Smith and
               Michael Morse and
               Peter Mork and
               Maya Hao Li and
               Arnon Rosenthal and
               M. David Allen and
               Len Seligman and
               Chris Wolf},
  title     = {The Role of Schema Matching in Large Enterprises},
  journal   = {CoRR},
  volume    = {abs/0909.1771},
  year      = {2009}
}
